1890 2844
343 176 19 31 2
683 176 129 34 Första
833 175 254 41 lagutskottets
1106 178 188 34 utlåtande
1312 180 55 33 Nr
1389 181 29 31 5.

303 255 89 37 leda,
410 256 120 31 tillika
550 257 178 36 förordna,
747 258 56 30 att
823 257 76 37 den,
918 267 75 22 som
1011 258 67 31 har
1098 258 148 32 fordran
1264 259 64 31 hos
1348 260 117 36 någon
1485 259 12 31 i
1517 259 69 32 den
1604 261 194 30 främman-

302 307 43 31 de
365 308 116 31 staten
501 317 83 22 men
604 308 45 37 på
671 308 118 37 grund
809 319 47 21 av
876 309 63 31 där
960 309 175 37 vidtagna
1155 310 306 38 inskränkningar
1479 311 13 31 i
1512 313 122 30 rätten
1653 314 53 30 att
1728 313 70 31 för-

301 360 86 36 foga
405 361 82 29 över
508 359 322 38 betalningsmedel
850 360 32 37 ej
903 361 71 31 kan
993 361 139 32 erhålla
1151 361 197 38 betalning,
1367 362 92 32 skall
1480 364 68 36 äga
1569 364 228 31 utbekomma

303 410 183 38 betalning
512 421 48 22 av
584 411 134 32 insatta
741 412 116 31 medel
882 413 72 30 mot
980 413 59 31 det
1063 414 54 30 att
1142 413 71 32 han
1238 414 58 30 för
1322 414 158 37 clearing
1506 425 47 21 av
1580 415 217 38 fordringar,

301 463 58 31 för
376 463 116 31 vilkas
513 463 175 37 gäldande
704 464 247 37 insättningar
970 465 105 36 skett,
1096 466 122 30 avstår
1236 466 39 30 så
1295 466 141 36 mycket
1456 476 45 21 av
1519 466 55 31 sin
1595 476 85 27 egen
1703 467 93 31 ford-

299 524 77 27 ran,
399 524 73 22 som
495 524 127 22 svarar
644 516 73 30 mot
740 516 180 36 uppburet
942 516 138 37 belopp.

1014 601 70 37 3$.

339 660 51 31 De
411 663 166 28 närmare
599 661 237 37 föreskrifter,
857 671 73 22 som
950 662 184 32 erfordras
1154 664 55 30 för
1232 663 264 32 verkställande
1519 674 44 21 av
1588 665 208 31 förordnan-

300 713 53 35 de,
377 722 121 22 varom
521 722 93 21 ovan
636 715 90 34 sägs,
749 713 180 32 meddelas
952 723 46 21 av
1020 714 212 36 Konungen.

340 826 123 31 Denna
481 826 60 36 lag
559 826 120 31 träder
697 826 13 30 i
729 826 103 32 kraft
852 828 123 35 genast
994 827 93 31 efter
1106 827 235 33 utfärdandet
1361 829 63 31 och
1444 830 112 35 gäller
1577 830 74 31 tills
1672 830 123 32 vidare

298 876 59 32 till
378 877 63 32 och
460 878 82 31 med
564 878 68 31 den
651 877 38 32 30
709 877 83 37 juni
814 878 86 32 1935.

341 929 131 32 Genom
497 929 119 32 denna
639 930 58 36 lag
723 930 185 37 upphäves
933 930 107 37 lagen
1067 932 67 31 den
1158 932 37 31 10
1219 942 97 21 mars
1344 932 76 31 1933
1448 932 56 36 (nr
1532 933 51 35 73)
1611 935 183 35 angående

298 982 147 31 fortsatt
461 981 169 37 giltighet
649 991 44 22 av
712 982 108 36 lagen
838 982 67 32 den
923 983 37 30 17
978 982 81 37 juni
1078 983 77 31 1932
1177 982 56 36 (nr
1251 983 73 35 244)
1346 993 56 22 om
1420 984 227 36 fullgörande
1666 985 12 31 i
1698 985 96 32 vissa

299 1032 68 32 fall
391 1042 44 22 av
457 1033 413 37 betalningsskyldighet
899 1035 12 29 i
941 1034 226 32 förhållande
1193 1035 58 31 till
1280 1036 172 31 utlandet.

338 1246 238 33 Beträffande
599 1249 39 31 de
661 1250 87 36 skäl,
773 1260 76 21 som
871 1250 98 37 ligga
991 1251 58 30 till
1073 1252 116 36 grund
1212 1253 55 30 för
1290 1253 181 36 förslaget,
1495 1254 57 30 får
1575 1254 185 37 utskottet,
1784 1254 11 30 i

298 1299 69 31 den
390 1301 82 30 mån
497 1300 220 36 redogörelse
746 1302 124 31 därför
897 1302 76 31 icke
999 1302 140 32 lämnas
1165 1304 65 31 här
1257 1305 127 36 nedan,
1409 1305 153 31 hänvisa
1589 1305 55 32 till
1670 1316 123 26 propo-

296 1350 162 33 sitionen.

339 1455 131 32 Genom
490 1455 61 37 lag
575 1456 66 32 den
662 1457 37 31 17
721 1456 82 37 juni
825 1458 76 30 1932
924 1457 56 36 (nr
1002 1458 73 35 244)
1100 1469 56 21 om
1178 1459 228 37 fullgörande
1428 1461 12 30 i
1465 1460 95 32 vissa
1582 1461 67 31 fall
1671 1472 44 21 av
1738 1462 54 30 be-

296 1507 367 38 talningsskyldighet
683 1509 13 31 i
718 1509 226 32 förhållande
966 1510 58 31 till
1044 1510 164 32 utlandet
1229 1511 67 31 har
1318 1512 203 36 Konungen
1542 1512 251 38 bemyndigats

296 1560 64 35 att,
384 1559 118 32 därest
525 1560 13 31 i
561 1560 225 32 främmande
810 1562 71 30 stat
904 1562 120 31 rätten
1047 1563 54 31 att
1126 1563 144 36 förfoga
1292 1565 85 30 över
1400 1564 318 37 betalningsmedel
1740 1565 52 31 in-

296 1610 177 38 skränkts,
503 1612 7 31 i
536 1612 68 31 den
627 1612 83 32 mån
733 1613 41 31 så
798 1615 130 34 prövas
952 1614 127 36 nödigt
1103 1614 55 32 för
1184 1615 182 32 vinnande
1388 1626 44 21 av
1458 1616 335 38 betalningsutjäm-

296 1662 89 37 ning
411 1662 199 38 (clearing),
633 1664 91 31 efter
747 1664 159 32 hörande
930 1675 46 22 av
1000 1665 229 38 fullmäktige
1253 1666 12 31 i
1291 1667 218 33 riksbanken
1533 1669 180 38 förordna,
1738 1671 54 30 att

296 1715 78 37 den,
394 1724 73 22 som
486 1716 47 36 på
554 1716 117 36 grund
690 1726 45 22 av
754 1716 69 37 köp
845 1716 85 33 eller
949 1717 104 37 eljest
1074 1720 40 29 är
1134 1718 132 37 pliktig
1287 1720 54 31 att
1362 1720 146 37 erlägga
1529 1720 185 39 betalning
1735 1722 57 31 till

295 1767 119 36 någon
435 1768 13 30 i
470 1767 70 32 den
563 1768 224 32 främmande
810 1769 126 37 staten,
958 1769 94 32 skall
1075 1770 159 36 fullgöra
1256 1771 456 38 betalningsskyldigheten

335 1817 35 38 a)
394 1829 56 21 om
476 1820 263 37 clearingavtal
766 1821 123 31 slutits
915 1821 80 32 med
1022 1821 69 32 den
1116 1822 225 33 främmande
1368 1825 126 36 staten,
1524 1833 126 28 genom
1676 1826 116 36 belop-

295 1873 78 34 pets
395 1871 228 33 inbetalande
642 1872 13 31 i
676 1872 219 32 riksbanken
915 1874 46 36 på
983 1873 142 38 villkor,
1147 1884 74 22 som
1242 1876 147 36 stadgas
1410 1876 13 31 i
1445 1877 150 37 avtalet;
1618 1879 92 31 samt

338 1922 33 36 b)
395 1924 14 31 i
432 1925 111 30 annat
569 1924 66 31 fall
658 1933 128 28 genom
810 1924 179 38 beloppets
1014 1926 205 32 insättande
1244 1928 13 30 i
1282 1927 217 32 riksbanken
1523 1929 86 32 eller
1634 1930 12 31 i
1670 1939 121 23 annan

295 1985 46 21 av
364 1975 204 37 Konungen
590 1976 155 36 angiven
767 1976 97 32 bank
886 1978 21 30 å
928 1977 167 37 räkning,
1118 1981 151 29 varöver
1294 1979 219 37 borgenären
1537 1981 78 32 icke
1638 1983 58 31 må
1721 1983 70 31 för-

295 2028 86 35 foga
401 2027 13 31 i
438 2027 125 33 vidare
586 2029 83 30 mån
692 2031 47 28 än
763 2028 203 37 Konungen
991 2029 222 33 bestämmer.

335 2078 131 33 Tillika
491 2080 68 31 har
584 2080 203 37 Konungen
814 2089 125 28 genom
964 2081 108 37 lagen
1097 2082 251 37 bemyndigats
1374 2085 54 31 att
1453 2085 163 32 meddela
1642 2087 41 31 de
1710 2090 80 28 när-

293 2140 99 22 mare
417 2131 245 38 föreskrifter,
679 2142 75 22 som
781 2133 181 31 erfordras
990 2133 56 31 för
1073 2134 265 33 verkställande
1364 2145 46 22 av
1436 2136 249 39 förordnande,
1712 2149 78 21 var-

293 2193 58 22 om
370 2193 91 22 ovan
480 2184 110 36 sagts.

334 2235 128 37 Lagen,
490 2245 78 22 som
594 2237 125 31 trädde
747 2237 13 31 i
788 2237 102 32 kraft
917 2240 125 34 genast
1072 2238 92 32 efter
1193 2240 234 32 utfärdandet
1455 2242 64 31 och
1548 2242 115 32 skulle
1692 2243 98 37 gälla

293 2287 201 32 tillsvidare
515 2288 58 31 till
592 2288 64 31 och
674 2289 80 32 med
774 2289 69 31 den
861 2289 38 31 31
917 2299 97 22 mars
1033 2290 88 37 1933,
1139 2290 65 32 har
1225 2299 128 29 genom
1371 2292 59 37 lag
1451 2294 67 31 den
1538 2294 39 31 10
1596 2304 95 23 mars
1711 2296 78 31 1933

296 2339 57 36 (nr
376 2338 50 37 73)
452 2340 148 32 erhållit
624 2340 147 32 fortsatt
797 2341 167 36 giltighet
988 2342 59 31 till
1071 2343 64 31 och
1159 2343 80 32 med
1263 2344 68 31 den
1355 2344 38 31 31
1417 2355 94 21 mars
1536 2346 87 31 1934.

332 2392 54 31 Då
414 2391 377 37 lagbestämmelserna
817 2392 134 33 således
980 2394 164 36 upphöra
1172 2395 53 31 att
1254 2395 98 36 gälla
1380 2396 60 32 vid
1468 2397 224 34 sistnämnda
1721 2400 67 31 tid-

291 2444 125 36 punkt,
437 2444 67 31 har
525 2444 98 31 inom
643 2444 435 37 handelsdepartementet
1100 2446 57 32 till
1179 2449 248 35 övervägande
1450 2450 185 37 upptagits
1657 2451 132 37 frågan

291 2505 58 22 om
376 2496 254 32 utsträckande
657 2506 44 21 av
729 2496 126 37 lagens
883 2497 251 37 giltighetstid.
1183 2499 18 31 I
1228 2499 173 33 samband
1429 2502 146 32 därmed
1604 2503 65 32 har
1697 2506 91 29 även
