1892 2782
477 196 316 31 Bankoutskottets
814 195 179 30 utlåtande
1012 204 44 21 nr
1076 195 39 30 13
1135 195 41 30 år
1196 194 81 30 1961
1606 190 17 30 7

137 279 200 31 bankernas
368 277 153 40 10-åriga
548 277 59 30 lån
634 276 78 30 icke
740 276 63 30 bör
831 275 168 30 tillmätas
1029 274 111 30 större
1169 272 186 40 betydelse,
1385 270 167 31 eftersom
1582 278 43 21 en

138 332 195 40 avvägning
351 341 42 20 av
411 330 213 31 kredittiden
642 329 99 30 alltid
761 328 56 31 får
835 328 60 30 ske
914 328 80 30 från
1013 327 61 30 fall
1093 326 52 30 till
1165 326 62 30 fall
1246 325 66 30 och
1330 324 296 31 affärsbankerna

137 386 65 30 har
224 386 95 29 vissa
341 384 222 40 möjligheter
586 385 50 28 att
659 382 90 30 efter
772 381 175 40 utgången
971 390 43 21 av
1036 389 43 21 en
1105 378 237 40 10-årsperiod
1365 377 161 40 förlänga
1549 376 77 30 kre-

138 439 150 30 dittiden
306 438 56 30 för
378 447 44 21 en
439 446 48 31 ny
504 436 130 41 period.
652 435 53 31 Då
723 435 58 30 det
798 435 129 34 vidare,
946 434 117 30 såsom
1081 441 49 21 nu
1150 431 156 40 framgår
1324 440 43 22 av
1385 430 155 40 bolagets
1558 431 69 38 ytt-

139 492 119 35 rande,
282 492 90 29 visat
397 491 51 39 sig
473 492 50 29 att
547 489 105 40 något
677 489 112 30 större
814 488 147 30 intresse
986 487 77 30 icke
1088 486 185 39 föreligger
1298 484 56 30 för
1378 483 59 31 lån
1462 483 81 30 från
1569 483 57 29 AB

139 544 273 31 Industrikredit
434 543 46 40 på
500 543 119 39 längre
641 543 51 30 tid
712 542 48 30 än
782 542 50 30 tio
853 540 48 36 år,
924 540 117 30 finner
1063 539 171 30 utskottet
1257 538 32 40 ej
1314 537 110 31 heller
1444 536 46 41 på
1512 536 115 30 denna

140 599 114 40 punkt
276 598 76 30 skäl
375 597 168 39 föreligga
564 598 50 28 att
634 595 140 31 biträda
795 594 279 31 motionärernas
1096 592 143 39 förslag.

184 650 227 40 Åberopande
431 650 58 30 det
512 658 88 21 ovan
621 648 151 30 anförda
794 647 56 31 får
870 647 171 30 utskottet
1062 640 196 44 hemställa,

495 705 50 28 att
565 702 220 30 motionerna
805 701 29 30 I:
853 700 60 31 102
934 700 66 30 och
1021 699 45 30 II:
1084 698 62 30 128
1167 700 91 28 samt
1278 697 221 30 motionerna
1519 696 30 30 1:
1564 695 64 30 488

449 757 66 29 och
538 756 46 30 II:
600 756 62 30 573
686 755 78 29 icke
788 753 107 31 måtte
919 752 182 31 föranleda
1125 751 115 40 någon
1264 750 206 39 riksdagens
1495 749 133 39 åtgärd.

185 811 203 31 Stockholm
407 810 67 30 den
495 809 39 31 14
552 818 93 21 mars
665 808 95 30 1961.

613 915 49 31 På
678 914 310 31 bankoutskottets
1006 912 146 40 vägnar:

715 995 41 30 K.
775 994 37 32 G.
830 992 221 32 EWERLÖF

761 1238 243 32 Närvarande:

188 1306 81 30 från
304 1305 168 30 första
506 1304 222 30 kammaren:
755 1302 123 29 herrar
901 1299 162 35 Ewerlöf,
1087 1298 209 35 Fahlander,
1322 1297 155 40 Aspling,
1504 1296 127 34 Ståhle,

143 1350 127 31 Gustaf
304 1350 119 38 Henry
458 1348 173 33 Hansson,
667 1346 73 30 Åke
775 1346 163 33 Larsson,
974 1345 148 29 Torsten
1159 1344 172 29 Mattsson
1367 1342 66 30 och
1469 1340 164 31 Per-Olof

144 1395 161 34 Hanson;

189 1456 82 31 från
336 1455 121 30 andra
489 1455 221 29 kammaren:
735 1453 123 29 herrar
879 1451 111 39 Boija,
1014 1449 140 40 Regnéll
1178 1450 66 29 och
1266 1450 149 28 Persson
1438 1448 10 29 i
1472 1448 160 39 Appuna,

146 1501 57 30 fru
232 1499 361 39 Renström-Ingenäs,
621 1498 123 29 herrar
771 1495 160 35 Lindahl,
959 1496 152 29 Larsson
1138 1494 11 30 i
1178 1493 109 31 Umeå
1314 1493 64 29 och
1405 1492 190 39 Börjesson
1622 1492 12 29 i

145 1545 206 40 Falköping.

789 1691 218 32 Reservation

148 1786 42 21 av
209 1776 123 30 herrar
353 1775 145 30 Torsten
519 1774 171 30 Mattsson
711 1773 67 30 och
796 1772 189 39 Börjesson
1005 1771 11 30 i
1037 1770 205 40 Falköping,
1263 1769 95 30 vilka
1378 1770 114 28 ansett
1513 1770 51 28 att
1584 1769 54 28 ut-

148 1830 150 29 skottets
321 1828 163 40 yttrande
507 1827 66 30 och
595 1826 212 31 hemställan
830 1825 78 30 bort
931 1825 48 29 ha
1001 1823 158 40 följande
1181 1822 147 40 lydelse:

195 1882 198 30 >Utskottet
419 1880 60 31 vill
508 1880 89 30 först
624 1880 117 29 erinra
769 1888 57 20 om
854 1880 50 28 att
932 1876 387 39 kreditmöjligheterna
1348 1874 55 30 för
1430 1874 43 30 de
1501 1873 137 30 mindre

150 1935 180 39 företagen
350 1934 72 30 inte
443 1933 70 30 kan
534 1941 101 22 anses
656 1930 338 32 tillfredsställande.
1015 1930 13 30 I
1048 1929 72 30 viss
1141 1928 83 30 mån
1245 1928 67 30 har
1332 1927 94 30 detta
1448 1925 191 41 uppmärk-

152 1989 171 29 sammats
341 1997 43 20 av
402 1986 283 33 statsmakterna,
705 1985 66 30 och
790 1994 44 21 en
852 1983 187 39 utredning
1058 1982 148 31 rörande
1225 1982 41 29 de
1285 1981 136 30 mindre
1441 1980 197 39 företagens

151 2041 340 39 kreditmöjligheter
507 2039 107 40 pågår
631 2039 55 30 för
702 2037 229 31 närvarande.
950 2036 109 31 Såvitt
1077 2036 57 29 det
1150 2035 41 29 är
1207 2035 171 30 utskottet
1394 2033 130 30 bekant
1541 2032 98 31 torde

151 2097 90 30 dock
259 2096 131 39 förslag
407 2095 72 29 inte
495 2103 84 21 vara
597 2095 50 28 att
664 2093 107 29 vänta
789 2091 79 30 från
886 2090 233 38 utredningen
1136 2088 97 30 inom
1252 2087 67 30 den
1337 2087 178 29 närmaste
1533 2085 108 30 fram-

153 2150 106 30 tiden.
287 2149 176 30 Utskottet
489 2147 59 30 vill
575 2145 121 31 därför
719 2163 46 3 —
789 2145 11 29 i
826 2144 110 30 likhet
962 2143 80 29 med
1068 2141 67 31 vad
1162 2149 76 22 som
1265 2140 92 30 skett
1383 2140 11 30 i
1420 2139 221 30 motionerna

153 2203 29 29 I:
197 2202 65 30 488
286 2202 66 29 och
375 2201 45 29 II:
436 2200 64 30 573
523 2217 44 4 —
591 2197 188 31 framhålla
804 2195 294 41 angelägenheten
1123 2203 42 20 av
1190 2196 50 28 att
1265 2192 161 40 åtgärder
1449 2191 156 39 vidtages
1629 2191 12 29 i

153 2255 91 39 syfte
265 2256 51 28 att
337 2253 171 30 förbättra
529 2250 386 39 kreditmöjligheterna
936 2248 56 30 för
1013 2248 40 29 de
1075 2246 137 30 mindre
1234 2245 178 39 företagen
1434 2245 11 29 i
1467 2244 174 30 avvaktan

154 2308 45 39 på
225 2306 182 31 resultatet
434 2314 42 20 av
503 2304 155 30 nämnda
685 2302 198 38 utredning.
910 2300 130 30 Därvid
1067 2307 103 32 synes
1198 2298 122 39 riktigt
1347 2299 51 28 att
1424 2297 45 30 bl.
1498 2306 30 21 a.
1556 2296 86 29 söka

155 2360 120 39 uppnå
294 2359 131 29 sådana
445 2357 189 38 ändringar
654 2357 9 28 i
685 2356 56 29 AB
763 2352 289 32 Industrikredits
1072 2351 171 39 utlåning,
1264 2352 51 28 att
1335 2350 42 30 de
1396 2349 137 30 mindre
1554 2348 89 30 före-

156 2416 102 36 tagen
282 2412 113 30 bättre
420 2411 70 29 kan
517 2409 211 40 tillgodoses.

201 2467 80 29 Som
312 2464 91 40 regel
435 2463 147 39 beviljar
613 2462 56 30 AB
701 2459 271 31 Industrikredit
1005 2458 54 30 för
1090 2456 218 30 närvarande
1339 2455 71 30 inte
1442 2454 59 30 lån
1533 2454 110 30 under

160 2520 60 29 150
234 2519 63 29 000
319 2518 141 29 kronor.
483 2517 63 29 Det
568 2524 101 30 synes
691 2513 197 40 uppenbart
910 2514 49 28 att
981 2521 41 20 en
1045 2510 109 31 sådan
1177 2509 90 40 regel
1291 2508 135 30 medför
1447 2510 51 28 att
1519 2509 48 28 ett
1590 2506 54 30 för
