1862 2808
249 162 21 30 2
690 154 290 35 Statsutskottets
1003 152 183 35 utlåtande
1210 161 42 24 nr
1270 152 53 32 55.

253 237 396 44 utredningsmaterialet
671 236 118 34 funnit
811 233 203 43 tillräckliga
1036 233 73 34 skäl
1132 245 83 22 vara
1239 231 54 34 för
1314 231 135 34 handen
1472 230 53 34 för
1548 234 55 30 att
1626 234 116 29 staten

252 292 63 34 här
339 291 160 34 lämnade
524 289 199 35 understöd.
749 289 19 33 I
794 288 95 42 fråga
916 300 57 21 om
999 286 244 34 understödets
1270 285 123 42 belopp
1420 284 115 34 kunde
1561 283 181 42 riksdagen

256 346 155 33 däremot
435 344 75 34 icke
533 343 136 34 ansluta
693 343 50 42 sig
767 342 50 34 till
840 340 131 43 Kungl.
996 339 126 42 Maj:ts
1147 338 137 42 förslag.
1311 338 69 33 Det
1407 349 44 21 av
1478 336 129 42 Kungl.
1634 335 110 42 Maj:t

255 398 189 42 föreslagna
470 397 160 41 beloppet
654 400 118 38 syntes
796 393 171 43 nämligen
990 393 181 41 riksdagen
1197 392 56 33 väl
1278 391 95 42 högt.
1399 389 119 43 Enligt
1543 389 201 42 riksdagens

256 451 134 43 mening
404 450 107 34 borde
525 449 226 34 understödet
766 447 148 43 skäligen
929 447 211 33 bestämmas
1157 445 51 33 till
1226 448 15 29 1
1259 447 64 30 200
1339 444 137 33 kronor.
1492 442 17 33 I
1526 442 113 42 övrigt
1654 442 90 33 hade

256 504 177 42 riksdagen
454 503 90 34 intet
564 507 54 29 att
638 502 111 34 erinra
768 505 75 29 mot
862 500 132 42 Kungl.
1016 498 125 42 Maj:ts
1164 497 139 42 förslag.

301 557 134 34 Genom
451 556 115 34 beslut
583 556 63 33 den
665 558 43 30 22
726 554 75 43 juni
820 557 85 30 1933
924 553 146 41 medgav
1087 551 132 42 Kungl.
1237 549 119 42 Maj:t,
1375 554 55 29 att
1449 549 48 33 till
1518 548 106 34 Greta
1643 548 101 34 Jons-

255 623 61 22 son
330 610 89 43 finge
434 609 128 43 årligen
577 608 51 34 för
641 608 97 34 tiden
754 607 66 34 den
837 610 15 30 1
870 606 63 43 juli
950 605 200 34 1933—den
1167 607 40 30 31
1227 603 178 34 december
1422 605 86 30 1939
1525 602 81 41 utgå
1621 601 124 34 under-

256 664 78 34 stöd
353 664 80 34 med
455 666 17 30 1
489 666 65 30 200
576 662 125 33 kronor
722 660 138 43 årligen.

303 718 18 33 I
342 729 41 22 en
403 717 53 33 till
478 714 322 43 skolöverstyrelsen
822 714 64 33 den
909 716 41 30 18
974 711 144 34 oktober
1142 713 87 30 1943
1251 709 195 33 inkommen
1471 707 191 42 ansökning
1683 706 63 34 har

258 783 47 22 nu
328 768 369 39 läroverksadjunkten
721 767 108 39 Ejnar
851 766 149 34 Jonsson
1022 765 11 34 i
1055 763 171 43 egenskap
1249 775 44 21 av
1315 761 221 42 förmyndare
1559 762 54 37 för
1638 760 109 33 Greta

257 824 159 38 Jonsson,
441 834 74 22 som
538 822 62 33 den
625 824 40 30 21
693 820 177 34 december
895 822 87 30 1942
1006 817 101 34 blivit
1131 815 352 43 omyndigförklarad,
1508 813 157 40 anhållit,
1691 817 56 29 att

259 877 106 34 Greta
392 876 149 34 Jonsson
567 874 75 33 från
670 873 65 34 och
761 873 77 33 med
857 872 63 33 den
940 874 16 30 1
974 870 134 42 januari
1128 872 87 30 1944
1233 868 63 34 och
1313 868 180 33 framdeles
1511 867 112 33 måtte
1639 866 36 33 få
1693 866 52 33 åt-

259 930 99 42 njuta
380 928 145 34 fortsatt
546 925 277 35 statsunderstöd
844 924 77 34 med
943 923 105 34 minst
1071 925 98 30 1200
1191 922 125 33 kronor
1337 932 58 30 per
1418 921 37 32 år
1478 925 89 28 samt
1589 924 53 28 att
1666 915 82 50 hon,

258 983 122 33 oaktat
398 982 70 33 hon
489 979 187 36 underlåtit
697 983 53 29 att
771 978 80 34 söka
872 975 188 36 understöd
1080 974 53 35 för
1152 976 81 32 åren
1255 976 236 36 1940—1943,
1510 972 111 33 måtte
1642 971 35 34 få
1698 971 52 33 för

258 1040 78 30 vart
351 1035 63 34 och
431 1039 53 30 ett
500 1046 45 21 av
560 1034 96 33 dessa
672 1033 38 33 år
726 1031 153 43 uppbära
896 1030 209 34 åtminstone
1121 1027 210 43 fjärdedelen
1348 1038 44 21 av
1408 1025 104 42 sagda
1529 1025 123 41 belopp
1669 1024 82 33 eller

259 1089 225 34 tillsammans
505 1090 16 30 1
537 1090 65 30 200
620 1086 136 33 kronor.
774 1084 108 42 Ejnar
898 1083 150 34 Jonsson
1064 1082 63 33 har
1144 1079 116 36 anfört
1278 1079 105 34 bland
1401 1083 107 29 annat
1524 1077 164 42 följande.

303 1160 109 34 Greta
428 1159 150 34 Jonsson
595 1157 160 34 underlät
772 1160 54 29 att
842 1155 82 33 söka
941 1153 141 42 förnyat
1099 1151 189 35 understöd
1307 1151 52 33 för
1376 1150 93 33 tiden
1489 1149 86 34 efter
1593 1149 38 33 år
1650 1151 100 36 1939,

262 1205 44 34 då
326 1205 66 33 hon
414 1203 29 42 ej
466 1203 80 33 ville
566 1201 86 43 ligga
674 1201 59 33 det
755 1200 172 33 allmänna
947 1198 52 34 till
1020 1198 78 39 last,
1119 1197 103 33 sedan
1245 1207 39 22 en
1307 1194 130 34 mindre
1458 1193 141 42 pension
1621 1192 64 33 och
1708 1204 41 21 en

261 1249 148 33 livränta
435 1247 116 41 börjat
576 1246 76 42 giva
678 1245 109 33 henne
811 1244 188 33 inkomster
1023 1253 67 31 nog
1114 1241 54 33 för
1194 1245 55 28 att
1274 1239 138 42 bidraga
1440 1238 52 33 till
1519 1238 58 33 det
1602 1236 149 39 hushåll,

262 1294 69 33 hon
351 1293 88 33 hade
460 1295 213 39 gemensamt
694 1289 78 33 med
794 1288 48 33 sin
864 1287 129 34 moder.
1014 1286 111 34 Sedan
1147 1284 142 34 modern
1311 1283 10 33 i
1344 1282 136 43 augusti
1507 1285 86 30 1943
1616 1280 136 40 avlidit,

263 1341 37 30 är
325 1337 87 33 dock
438 1336 108 34 Greta
572 1335 165 33 Jonssons
764 1331 220 35 ekonomiska
1011 1329 203 42 belägenhet
1241 1329 74 33 åter
1340 1328 286 41 bekymmersam,
1653 1325 98 34 allra-

261 1382 89 33 helst
375 1393 74 22 som
475 1380 160 41 sjukdom
661 1377 144 34 tillstött
832 1376 62 33 och
919 1375 69 33 hon
1014 1373 185 43 ingalunda
1227 1376 38 30 är
1290 1371 180 34 arbetsför.
1497 1370 118 42 Enligt
1642 1369 111 34 Greta

262 1426 164 34 Jonssons
453 1422 303 43 självdeklaration
783 1433 42 21 av
850 1421 37 33 år
914 1422 88 31 1943
1028 1418 160 42 utgjorde
1214 1417 124 33 hennes
1364 1415 252 34 ränteinkomst
1644 1414 109 33 under

263 1471 37 33 år
326 1472 85 31 1942
437 1468 123 35 endast
587 1470 63 31 139
675 1466 137 33 kronor.
835 1464 192 34 Pensionen
1050 1461 150 44 uppgick
1223 1461 53 34 till
1300 1463 66 31 404
1391 1460 124 32 kronor
1541 1462 42 30 50
1609 1461 56 30 öre
1690 1457 64 34 och

263 1515 171 33 livräntan
452 1512 159 43 utgjorde
631 1514 66 30 418
717 1510 136 33 kronor.

310 1583 330 42 Skolöverstyrelsen
660 1582 63 33 har
743 1579 185 43 föreslagit,
949 1583 56 30 att
1025 1577 107 35 Greta
1153 1577 148 34 Jonsson
1323 1575 112 33 måtte
1457 1573 222 35 tillerkännas
1701 1576 53 29 ett

267 1638 100 42 årligt
385 1635 190 35 understöd
595 1648 43 21 av
659 1637 66 30 900
745 1633 126 33 kronor
891 1631 55 35 för
965 1631 213 42 budgetåren
1202 1628 167 43 1943/45,
1390 1632 55 29 att
1466 1627 84 42 utgå
1572 1626 10 33 i
1604 1624 152 43 enlighet

266 1691 78 34 med
368 1701 133 23 samma
526 1687 269 40 bestämmelser,
820 1697 73 22 som
917 1684 191 35 meddelats
1133 1694 123 31 genom
1282 1680 244 35 ovannämnda
1549 1679 114 34 beslut
1689 1679 66 33 den

266 1748 42 30 22
327 1743 73 43 juni
420 1746 101 30 1933.
540 1740 258 43 Överstyrelsen
816 1739 61 33 har
896 1737 117 34 anfört
1030 1736 106 35 bland
1155 1740 108 29 annat
1282 1733 161 43 följande.

313 1807 57 33 Då
394 1805 108 34 Greta
526 1805 147 33 Jonsson
698 1803 66 33 den
788 1805 39 29 21
855 1800 85 43 april
967 1802 86 31 1943
1079 1799 153 42 uppnått
1258 1800 42 31 58
1326 1798 53 32 års
1406 1796 105 38 ålder,
1536 1805 98 23 anser
1659 1796 96 30 Ööver-

268 1851 163 42 styrelsen
448 1849 60 34 det
523 1848 199 39 otänkbart,
737 1851 55 29 att
807 1845 190 34 skolarbete
1013 1843 107 35 skulle
1133 1843 119 33 kunna
1268 1841 139 34 beredas
1424 1840 120 33 henne.
1560 1838 67 33 För
1643 1836 114 42 övrigt

268 1895 137 43 angives
426 1894 70 33 hon
518 1893 44 42 på
583 1891 110 43 grund
717 1903 44 21 av
784 1889 160 43 sjukdom
966 1900 47 22 nu
1035 1887 73 34 icke
1128 1898 83 22 vara
1235 1884 179 35 arbetsför.
1438 1884 85 33 Med
1546 1883 134 41 hänsyn
1704 1881 53 33 till

269 1938 226 35 förevarande
514 1935 293 42 omständigheter
826 1945 97 22 anser
942 1933 50 42 sig
1012 1930 247 43 överstyrelsen
1279 1929 53 34 för
1351 1927 214 35 närvarande
1585 1927 83 33 böra
1691 1925 66 34 till-

271 1983 130 43 styrka,
420 1987 56 29 att
494 1980 187 35 understöd
701 1978 143 35 tilldelas
863 1977 109 35 Greta
990 1977 147 33 Jonsson
1158 1975 68 33 tills
1247 1974 117 33 vidare
1381 1973 88 33 intill
1491 1972 63 33 den
1577 1975 15 29 1
1615 1970 62 42 juli
1700 1970 59 34 det

272 2029 48 40 år,
342 2027 108 34 under
472 2026 107 33 vilket
600 2025 67 32 hon
690 2023 135 42 uppnår
846 2034 41 21 en
909 2021 94 34 ålder
1025 2033 43 21 av
1090 2023 43 30 60
1157 2020 49 39 år,
1228 2018 78 34 eller
1327 2017 87 34 intill
1439 2017 64 33 den
1530 2019 15 29 1
1571 2015 62 42 juli
1660 2017 99 31 1945.

271 2070 310 42 Framställningen
603 2081 55 25 om
680 2068 87 33 visst
788 2065 207 35 retroaktivt
1016 2064 187 35 understöd
1226 2074 96 23 anser
1345 2062 50 42 sig
1416 2060 248 43 överstyrelsen
1686 2058 75 34 icke

271 2117 72 33 helt
364 2116 117 33 kunna
506 2113 185 42 tillstyrka.
714 2112 58 33 Då
794 2111 108 34 Greta
926 2110 165 34 Jonssons
1115 2107 222 34 ekonomiska
1360 2105 171 42 ställning,
1556 2116 72 22 som
1652 2103 108 34 delvis

272 2173 62 21 var
347 2159 169 35 beroende
530 2171 43 21 av
587 2157 170 39 moderns,
772 2167 121 31 genom
908 2155 127 33 dennas
1050 2153 67 34 död
1134 2153 10 33 i
1160 2151 137 43 augusti
1316 2153 85 31 1943
1419 2149 214 39 försämrats,
1648 2147 113 34 finner

273 2205 50 42 sig
347 2202 247 43 överstyrelsen
621 2200 187 35 emellertid
833 2200 119 33 kunna
978 2198 135 40 föreslå,
1140 2201 57 29 att
1223 2194 225 35 understödet
1475 2194 112 33 måtte
1612 2192 36 34 få
1675 2192 86 42 utgå

273 2248 76 34 från
366 2248 64 34 och
445 2248 79 33 med
541 2247 63 33 den
624 2250 13 29 1
656 2245 64 43 juli
739 2247 98 32 1943.

319 2319 261 34 Statskontoret
600 2317 59 33 har
680 2316 77 34 med
777 2315 134 42 hänsyn
931 2313 53 34 till
1004 2312 67 34 vad
1092 2310 322 43 skolöverstyrelsen
1437 2308 117 35 anfört
1574 2307 74 34 icke
1668 2307 94 33 velat

274 2372 192 34 framställa
482 2372 112 41 någon
610 2371 133 33 erinran
759 2373 73 29 mot
847 2372 55 30 att
916 2371 53 30 ett
985 2366 100 42 årligt
1101 2365 188 34 understöd
1306 2376 43 21 av
1365 2366 65 30 900
1447 2363 124 32 kronor
1586 2360 176 34 utverkas.

274 2425 120 42 Enligt
419 2423 273 35 ämbetsverkets
717 2421 136 42 mening
877 2420 62 34 bör
964 2419 226 34 understödet
1215 2417 87 34 dock
1327 2416 73 34 icke
1425 2416 84 41 utgå
1535 2414 53 34 för
1613 2414 51 33 tid
1690 2412 73 34 före

276 2478 65 34 den
359 2481 14 29 1
390 2477 137 42 januari
545 2480 96 29 1944.
