1876 2814
540 145 289 37 Statsutskottets
851 144 185 36 utlåtande
1058 154 43 25 nr
1117 145 55 33 35.
1573 143 22 30 3

149 227 389 45 Departementschefen
561 227 62 34 har
645 227 11 34 i
678 227 109 34 likhet
807 226 80 34 med
911 224 325 44 skolöverstyrelsen
1258 223 65 34 och
1345 222 252 35 statskontoret

106 283 169 43 tillstyrkt
298 287 52 30 ett
372 281 333 43 understödsbelopp
727 280 12 34 i
760 279 225 35 förevarande
1008 278 59 34 fall
1091 291 45 21 av
1160 281 65 31 900
1248 277 127 34 kronor
1397 275 53 35 för
1472 276 37 34 år
1531 274 65 35 och

105 336 114 34 funnit
238 335 135 44 skäligt,
392 340 55 30 att
465 335 226 34 understödet
709 334 11 34 i
739 333 150 43 enlighet
907 333 81 34 med
1006 331 339 44 skolöverstyrelsens
1363 329 125 43 förslag
1504 328 92 44 finge

105 391 85 42 utgå
208 389 76 34 från
303 389 65 34 och
387 389 79 34 med
487 390 65 34 den
558 378 23 59 1
610 388 62 43 juli
694 391 86 31 1943
799 387 53 34 till
872 387 64 34 och
955 386 78 34 med
1053 386 66 34 den
1139 389 43 30 30
1201 384 74 43 juni
1297 387 100 31 1945.
1417 383 71 35 Det
1507 382 87 35 före-

105 444 118 42 slagna
245 443 230 34 understödet
498 441 105 35 borde
626 442 87 42 utgå
736 453 40 22 ur
799 441 60 34 det
883 440 109 35 under
1014 440 143 34 åttonde
1180 439 221 35 huvudtiteln
1425 438 172 44 uppförda

105 497 298 43 förslagsanslaget
423 496 53 34 till
498 495 286 35 Privatläroverk:
807 495 205 42 Ersättning
1033 495 37 33 åt
1093 494 90 34 vissa
1206 493 186 35 lärarinnor
1414 493 59 34 vid
1495 498 101 29 stats-

101 550 238 35 understödda
361 550 155 34 enskilda
538 549 248 34 läroanstalter.
820 547 389 44 Departementschefen
1232 548 62 33 har
1316 552 113 31 ansett
1453 547 49 44 sig
1522 547 75 34 icke

108 605 86 33 böra
220 605 46 42 på
292 604 115 42 grund
433 603 112 34 härav
571 602 209 43 ifrågasätta
806 603 117 41 någon
950 601 147 43 höjning
1123 613 46 22 av
1196 601 62 34 det
1283 601 141 43 belopp,
1449 600 147 35 varmed

106 657 157 34 nämnda
287 657 122 42 anslag
433 657 62 33 vid
519 656 97 34 bifall
641 656 53 34 till
719 655 61 34 det
804 655 11 34 i
842 658 88 31 1944
956 656 55 33 års
1036 654 149 34 åttonde
1210 653 204 35 huvudtitel
1438 654 12 34 i
1474 657 121 31 ämnet

105 710 222 34 framställda
349 710 169 42 förslaget
542 709 110 34 skulle
674 708 168 44 uppföras
865 708 56 34 för
944 708 212 42 budgetåret
1181 707 167 43 1944/45.

150 816 87 34 Med
259 815 241 44 tillstyrkande
522 828 44 22 av
587 814 96 35 bifall
705 815 52 34 till
777 814 132 43 Kungl.
930 814 126 43 Maj:ts
1076 814 260 43 ifrågavarande
1357 813 125 44 förslag
1501 814 94 34 hem-

106 870 115 34 ställer
240 869 186 42 utskottet,

470 927 56 30 att
550 922 179 43 riksdagen
752 923 58 33 må
833 922 173 43 medgiva,
1030 927 54 30 att
1109 921 51 35 till
1184 921 91 34 förra
1299 921 196 35 lärarinnan
1518 921 12 34 i
1553 922 44 33 de

424 976 245 34 förberedande
690 975 173 34 klasserna
885 975 60 34 vid
966 975 194 34 Uddevalla
1183 975 339 34 elementarläroverk
1544 975 53 34 för

424 1029 122 34 flickor
565 1029 105 35 Greta
688 1029 156 34 Kristina
862 1029 149 34 Jonsson
1028 1030 69 39 må,
1116 1029 122 35 räknat
1256 1028 76 34 från
1351 1029 64 33 och
1432 1030 77 33 med
1529 1029 67 34 den

428 1087 16 29 1
468 1083 62 42 juli
555 1086 99 38 1943,
677 1082 51 35 till
750 1082 63 34 och
835 1083 80 33 med
939 1082 67 34 den
1028 1086 42 31 30
1093 1082 75 43 juni
1192 1085 86 31 1945
1302 1083 85 42 utgå
1409 1083 187 33 understöd

425 1136 81 34 med
524 1140 64 30 900
606 1136 126 34 kronor
748 1135 54 35 för
818 1136 38 34 år
872 1136 137 34 räknat.

151 1198 199 34 Stockholm
371 1199 66 33 den
458 1202 42 29 22
521 1198 149 34 februari
692 1201 98 31 1944.

593 1269 51 35 På
667 1269 277 35 statsutskottets
965 1273 141 39 vägnar:

610 1350 160 35 ALGOT
796 1348 295 37 TÖRNKVIST.

175 1662 50 24 Vid
245 1662 165 25 förestående
430 1662 109 25 ärendes
557 1662 215 31 slutbehandling
790 1662 71 25 inom
881 1662 134 25 utskottet
1034 1662 70 25 hava
1123 1663 119 24 närvarit

150 1716 59 24 från
231 1716 116 25 första
378 1716 169 25 kammaren:
579 1716 90 25 herrar
695 1716 59 25 Joh.
779 1716 108 25 Nilsson
910 1716 9 25 i
942 1716 111 30 Malmö,
1080 1716 131 30 Gränebo,
1240 1716 160 30 Lindström,
1424 1717 173 30 Holmström,

106 1760 124 31 Heiding,
250 1760 66 25 Karl
328 1761 161 29 Andersson,
504 1761 96 31 Gustaf
614 1761 135 29 Karlsson,
765 1760 154 31 Carlström,
935 1761 114 31 Berling,
1066 1761 133 30 Wiklund,
1218 1761 136 31 Sundberg
1368 1761 49 26 och
1430 1762 168 29 Albertsson;

103 1808 71 22 samt

150 1859 58 24 från
233 1859 110 25 andra
369 1860 167 24 kammaren:
564 1860 90 24 herrar
681 1860 149 29 Törnkvist,
854 1859 138 31 Skoglund
1016 1860 8 24 i
1051 1860 174 30 Doverstorp,
1252 1860 125 25 Eriksson
1403 1861 8 24 i
1435 1860 162 32 Stockholm,

105 1903 151 25 Andersson
275 1904 7 24 i
302 1904 132 29 Prästbol,
456 1904 166 29 Danielsson,
644 1904 86 29 Ward,
749 1904 129 29 Isacsson,
891 1904 155 25 Pettersson
1066 1904 1 24 i
1083 1904 79 29 Dahl,
1177 1904 179 30 Mårtensson,
1373 1904 122 30 Viklund,
1509 1905 90 25 Eriks-

106 1957 49 16 son
174 1948 7 24 i
201 1948 111 31 Frägsta
330 1948 49 25 och
401 1948 90 31 Onsjö.

1648 818 142 27 Utskottet.
