1874 2822
435 147 125 38 Tredje
575 147 245 39 lagutskottets
836 147 178 30 utlåtande
1027 157 43 19 nr
1084 149 41 29 43
1139 148 39 29 år
1193 148 83 29 1969
1575 151 20 32 5

270 227 225 34 (Nuvarande
518 228 146 39 lydelse)

109 298 59 21 sen
200 290 51 29 till
285 290 335 40 kammarkollegiet,
653 300 74 21 som
760 292 63 29 har

108 336 60 33 att,
188 335 61 29 där
268 335 56 30 det
342 336 125 39 prövas
485 336 129 40 nödigt,
634 336 75 30 föra
727 337 96 30 talan

109 380 54 29 för
196 380 270 39 tillgodoseende
499 391 42 20 av
573 382 40 29 de
646 382 177 30 allmänna

108 425 183 34 intressen,
311 434 74 21 som
404 426 120 30 kunna
542 436 82 20 vara
642 427 10 29 i
671 427 107 40 fråga.

150 515 106 30 Föres
282 515 87 30 fler
393 534 478 4 ————

1041 230 225 40 (Föreslagen
1289 230 146 39 lydelse)

882 292 155 40 görelsen
1069 292 51 30 till
1152 293 335 40 kammarkollegiet,
1520 303 74 20 som

880 338 63 29 har
967 339 59 33 att,
1051 338 61 29 där
1137 338 55 30 det
1216 339 124 39 prövas
1364 339 130 40 nödigt,
1518 339 76 30 föra

881 383 95 29 talan
1007 383 53 29 för
1091 383 270 40 tillgodoseende
1392 394 42 20 av
1464 384 40 30 de
1535 385 60 29 all-

880 428 129 30 männa
1032 428 182 34 intressen,
1238 437 75 21 som
1336 429 120 30 kunna
1478 439 82 21 vara
1585 430 10 29 i

882 473 107 39 fråga.

895 517 136 31 biträda
1058 518 88 30 dem.

151 560 68 30 Om
242 560 146 31 allmänt
420 556 27 48 —
466 579 44 3 —
628 580 45 3 —

153 605 18 30 3
198 616 104 20 mom.
329 607 13 28 I
368 607 80 33 mål,
476 616 75 21 som
577 616 97 21 avses
700 608 10 29 i
739 608 37 29 17
806 608 15 36 8

108 650 105 30 2—11
242 651 64 29 och
335 651 49 35 19,
412 652 165 29 ävensom
603 652 10 29 i
640 652 80 34 mål,
748 661 74 21 som

107 696 288 40 anhängiggjoris
425 704 124 32 genom
579 698 157 29 ansökan
766 707 56 20 en-

107 741 61 39 ligt
194 741 18 30 2
239 742 79 39 kap.
345 741 18 30 8
393 741 14 38 8
436 742 108 30 andra
572 743 133 39 stycket
732 744 90 29 samt

108 786 20 29 4
144 787 78 39 kap.
243 787 13 28 1
272 782 13 49 8
312 786 84 31 sista
414 787 133 39 stycket
564 788 64 29 och
649 787 38 30 14
705 787 15 37 8
739 788 83 30 and-

106 840 37 20 ra
165 832 64 29 och
250 832 106 29 femte
377 833 176 38 styckena,
575 832 57 30 må
651 833 170 29 kommun

107 876 76 30 föra
206 877 95 29 talan
326 877 53 29 för
404 877 269 40 tillgodoseende
697 888 42 20 av
762 879 60 29 all-

107 922 130 29 männa
255 922 172 30 intressen
444 922 94 30 inom
559 924 107 29 orten.
685 923 66 30 Om
771 923 52 30 så-

107 967 67 29 dan
202 967 95 29 talan
326 967 88 29 skall
441 968 215 29 kommunen
685 970 136 28 snarast

107 1012 203 29 underrätta
330 1012 334 39 kammarkollegiet.

152 1056 77 29 Kan
243 1056 144 40 företag,
401 1074 44 3 —

912 565 181 38 parternas
1118 564 209 30 kännedom.

926 608 18 29 3
969 618 105 20 mom.
1101 609 13 29 I
1139 609 81 34 mål,
1248 619 74 20 som
1348 619 98 21 avses
1471 611 11 29 i
1510 611 37 29 17
1577 611 15 36 8

881 653 117 34 2—11,
1031 653 39 30 18
1100 654 65 29 och
1197 653 49 35 19,
1278 655 164 35 ävensom
1472 655 11 29 i
1513 655 79 34 mål,

880 707 74 21 som
978 699 287 40 anhängiggjorts
1289 707 123 32 genom
1436 700 157 30 ansökan

880 744 105 39 enligt
1005 744 18 29 2
1043 744 79 39 kap.
1142 744 19 29 8
1183 744 15 37 8
1220 745 109 30 andra
1350 745 133 40 stycket
1503 747 89 28 samt

880 788 20 29 4
929 789 79 39 kap.
1040 789 13 29 1
1088 789 15 37 8
1134 789 84 30 sista
1248 790 136 39 stycket
1410 791 64 29 och
1506 790 39 29 14
1576 791 15 36 8

880 834 108 30 andra
1009 835 65 29 och
1094 835 106 29 femte
1222 835 175 39 styckena,
1419 835 58 30 må
1496 835 97 30 kom-

880 888 84 20 mun
998 879 76 30 föra
1108 880 93 29 talan
1235 880 54 29 för
1322 880 270 40 tillgodoseende

879 934 41 20 av
950 925 177 29 allmänna
1157 925 171 30 intressen
1359 926 95 29 inom
1483 927 108 29 orten.

880 969 66 29 Om
982 969 107 30 sådan
1125 970 93 29 talan
1255 970 88 29 skall
1377 971 215 29 kommunen

882 1016 137 28 snarast
1036 1015 206 29 underrätta
1258 1015 335 40 kammarkollegiet.

787 1076 44 3 —
844 1058 70 30 kan
928 1058 180 40 påverkas.

799 1138 41 30 36
868 1139 27 36 8.

151 1191 13 28 I
184 1191 80 34 mål,
284 1209 477 4 O—————
780 1192 52 30 till
853 1193 387 30 vattenrättsdomaren.

149 1236 75 30 Vad
246 1245 46 20 nu
333 1232 108 43 ———
478 1254 95 4 ——
811 1238 87 30 röna
920 1238 179 30 inverkan.

150 1281 77 30 Kan
245 1282 172 39 yttrande,
435 1300 98 3 —
500 1277 24 48 —
544 1300 44 3 -—

928 1282 40 31 45
991 1282 15 38 $
1028 1284 88 39 sägs.

923 1328 15 29 I
957 1328 80 37 mål,
1051 1337 75 21 som
1148 1337 98 22 avses
1267 1330 11 29 i
1299 1329 39 30 17
1352 1329 21 37 $
1395 1330 40 30 17
1455 1330 64 30 och
1542 1331 49 36 18,

878 1373 91 29 skall
986 1374 374 30 vattenrättsdomaren
1379 1376 84 28 utan
1480 1375 112 39 dröjs-

877 1417 72 30 mål
970 1418 146 30 insända
1138 1420 48 28 ett
1207 1419 176 39 exemplar
1403 1428 43 21 av
1466 1420 126 30 ansök-

878 1462 359 41 ningshandlingarna
1268 1464 109 39 jämte
1409 1465 184 39 kungörel-

877 1517 60 20 sen
959 1508 51 30 till
1028 1508 305 40 fiskeristyrelsen.
1353 1510 239 39 Ansöknings-

876 1553 256 40 handlingarna
1160 1554 65 30 och
1252 1555 233 39 kungörelsen
1513 1556 79 29 sko-

879 1598 31 30 la
931 1598 106 30 också
1058 1598 11 29 i
1089 1599 79 36 mål,
1190 1608 75 21 som
1286 1609 98 21 avses
1407 1600 10 29 i
1439 1600 39 29 17
1498 1600 21 37 $
1541 1601 49 35 18,

879 1643 210 30 översändas
1121 1644 52 29 till
1201 1644 214 32 kommunen
1446 1645 63 30 och
1541 1645 51 29 till

877 1687 188 39 förvaltare
1086 1697 74 21 som
1181 1689 38 29 är
1240 1689 125 30 utsedd
1385 1689 106 39 enligt
1510 1690 42 29 82
1572 1699 20 20 a

877 1732 21 36 $
921 1733 98 38 lagen
1044 1742 54 21 om
1122 1733 167 39 flottning
1312 1734 10 29 i
1344 1734 129 30 allmän
1497 1734 95 39 flott-

880 1777 63 29 led.

152 1819 44 29 Är
219 1819 98 39 fråga
337 1837 319 4 —————>—
677 1821 213 39 Konungens
911 1821 381 40 befallningshavande.

149 1927 123 30 Denna
293 1927 55 39 lag
370 1927 115 30 träder
507 1927 10 29 i
539 1928 95 30 kraft
656 1928 66 30 den
747 1929 14 28 1
784 1929 67 39 juli
875 1929 93 30 1969.
