1906 2831
282 156 20 31 6
612 153 125 41 Tredje
752 153 244 40 lagutskottets
1012 153 178 30 utlåtande
1205 162 42 21 nr
1261 154 41 30 43
1315 153 40 31 år
1370 153 84 30 1969

928 294 40 45 2)
986 294 144 44 Förslag

998 363 54 31 till

992 429 73 44 Lag

433 513 60 21 om
513 501 149 44 ändring
678 502 12 32 i
705 501 104 45 lagen
826 501 66 34 den
910 501 44 34 19
967 502 82 43 juni
1064 502 89 33 1919
1171 503 61 45 (nr
1247 501 87 45 426)
1352 514 60 20 om
1427 501 171 44 flottning
1614 502 12 32 i

885 574 133 33 allmän
1032 574 141 33 flottled

330 669 212 40 Härigenom
562 669 187 31 förordnas
769 669 74 31 dels
863 671 50 29 att
933 670 51 35 25,
1006 669 51 36 32,
1081 670 49 35 73,
1153 670 40 30 74
1215 670 65 30 och
1301 670 40 30 82
1364 670 37 37 88
1425 670 100 40 lagen
1546 671 67 29 den
1635 670 38 30 19
1694 670 78 39 juni

289 715 83 30 1919
399 724 56 21 om
482 715 166 40 flottning
672 716 11 29 i
709 715 130 32 allmän
865 715 152 30 flottled!
1044 715 89 30 skall
1160 715 133 30 erhålla
1319 715 134 30 ändrad
1479 716 129 39 lydelse
1634 715 45 40 på
1705 716 68 29 sätt

286 760 115 30 nedan
418 768 114 32 anges,
549 760 73 30 dels
638 762 50 28 att
702 761 11 29 i
730 761 100 39 lagen
847 760 88 30 skall
952 760 133 30 införas
1102 760 58 30 två
1175 769 69 31 nya
1259 760 212 40 paragrafer,
1490 760 38 30 81
1547 761 65 29 och
1627 761 40 30 82
1685 770 20 20 a
1723 760 48 37 $$,

288 814 42 21 av
346 805 115 30 nedan
479 805 147 41 angiven
643 806 139 39 lydelse,
802 805 39 30 81
862 805 15 37 8
897 805 158 30 närmast
1072 805 88 30 efter
1177 805 168 30 rubriken
1365 805 39 30 »8
1422 806 79 39 kap.
1522 805 178 31 Särskilda
1717 806 56 29 be-

287 851 250 29 stämmelser».

444 930 226 35 (Nuvarande
697 929 147 41 lydelse)

1218 929 225 40 (Föreslagen
1469 929 146 40 lydelse)

983 974 40 31 25
1051 975 27 37 8.

330 1029 141 30 Allmän
485 1028 138 31 flottled
654 1046 25 4 —
702 1046 26 3 —
753 1046 32 3 —
807 1046 33 3 —
864 1046 36 3 —
913 1027 178 31 avhändas
1107 1028 191 30 flottleden.

330 1074 72 30 Har
417 1073 348 40 flottningsförening
777 1091 45 3 —
832 1090 45 4 —
887 1090 45 3 —
943 1090 45 3 —
1000 1073 70 29 kan
1085 1072 186 30 undvaras.

331 1120 252 39 Behållningen
602 1128 42 21 av
662 1119 122 34 medel,
806 1128 74 20 som
899 1118 104 40 infly-

288 1166 35 28 ta
350 1164 54 30 för
433 1164 182 30 flottleden
642 1163 155 40 tillhörig
824 1164 177 39 egendom,

287 1210 58 29 må
379 1210 29 38 ej
446 1209 188 30 förbrukas
668 1209 53 29 till
756 1208 171 40 gäldande
961 1217 42 20 av

288 1255 91 29 årets
398 1254 150 40 löpande
563 1254 143 39 utgifter
724 1255 86 28 utan
828 1253 97 30 skola
943 1262 59 20 an-

287 1300 133 29 vändas
464 1299 115 30 såsom
622 1298 285 40 kapitaltillskott
949 1297 53 30 till

288 1344 95 34 fond,
412 1353 120 20 varom
559 1345 12 28 i
599 1343 40 30 32
671 1344 15 35 8&
716 1343 175 34 förmäles,
921 1343 81 29 eller

288 1389 100 40 eljest
411 1389 53 29 till
488 1388 167 30 framtida
677 1387 130 30 båtnad
830 1387 55 30 för
909 1387 94 30 flott-

288 1434 110 30 leden.

1104 1118 251 39 Behållningen
1374 1127 42 21 av
1434 1118 122 34 medel,
1578 1127 74 21 som
1671 1118 104 40 infly-

1059 1164 36 28 ta
1122 1162 54 30 för
1204 1163 183 30 flottleden
1414 1162 155 40 tillhörig
1596 1163 177 39 egendom,

1059 1207 58 30 må
1151 1207 30 37 ej
1219 1207 188 31 förbrukas
1441 1208 52 29 till
1529 1208 170 39 gäldande
1733 1217 42 20 av

1060 1252 92 30 årets
1169 1252 149 40 löpande
1334 1252 145 39 utgifter
1496 1255 86 28 utan
1600 1253 98 29 skola
1716 1261 58 20 an-

1060 1297 132 30 vändas
1236 1297 115 30 såsom
1394 1297 286 40 kapitaltillskott
1721 1297 53 29 till

1061 1342 94 34 fond,
1172 1351 120 20 varom
1308 1343 11 28 i
1336 1342 40 30 32
1395 1342 15 37 8
1428 1342 110 29 andra
1554 1341 136 40 stycket
1705 1342 70 30 för-

1059 1388 119 33 mäles,
1202 1386 82 30 eller
1306 1386 154 30 avsättas
1484 1386 53 29 till
1559 1395 41 20 en
1623 1386 152 30 särskild

1059 1431 87 40 fond
1167 1431 56 40 för
1244 1431 132 30 sådana
1399 1430 376 41 återställningsåtgär-

1060 1476 61 30 der
1136 1486 74 20 som
1227 1476 143 39 angivas
1386 1476 11 29 i
1412 1476 41 30 82
1468 1476 30 37 $.
1514 1476 71 29 När
1600 1475 174 30 särskilda

1060 1521 78 30 skäl
1168 1520 178 40 föreligga,
1379 1521 80 39 äger
1491 1520 126 40 Kungl.
1649 1520 125 40 Maj:ts

1061 1565 370 40 befallningshavande
1453 1565 168 39 förordna
1646 1566 50 29 att
1721 1565 54 29 be-

1059 1611 203 39 hållningen
1287 1611 58 30 må
1369 1610 180 30 användas
1574 1609 115 30 såsom
1716 1609 59 30 ka-

1059 1655 239 40 pitaltillskott
1320 1655 52 30 till
1390 1654 97 40 fond,
1507 1664 75 20 som
1603 1654 141 40 angives
1766 1654 11 29 i

1060 1701 42 29 32
1128 1700 21 37 $
1174 1700 112 39 första
1313 1700 145 39 stycket,
1487 1700 82 29 eller
1597 1700 100 39 eljest
1723 1699 52 29 till

1061 1745 168 30 framtida
1242 1744 130 30 båtnad
1387 1744 54 29 för
1455 1744 193 30 flottleden.

985 1808 40 30 32
1053 1808 27 37 8.

333 1863 48 30 På
395 1863 158 30 ansökan
584 1881 27 3 —
638 1880 27 4 —
692 1880 27 4 —
746 1880 27 3 —
797 1880 34 3 —
844 1862 175 30 benämnd
1033 1861 302 30 underhållsfond.

333 1908 13 29 I
361 1908 184 30 enahanda
557 1924 431 4 ————————
951 1904 39 47 —
1001 1906 101 30 deras
1117 1906 177 38 anhöriga.

332 1953 68 30 För
417 1953 259 39 förvaltningen
693 1962 42 20 av
751 1952 94 34 fond,
865 1960 73 21 som
955 1960 48 20 nu

289 2000 103 38 sagts,
432 1998 89 29 skall
558 1997 125 40 Kungl.
722 1997 124 39 Maj:ts
884 1996 120 30 befall-

288 2042 264 40 ningshavande
578 2042 176 30 fastställa
777 2041 227 40 reglementa-

288 2089 97 29 riska
399 2088 271 33 bestämmelser,
686 2087 234 29 utmärkande
935 2086 69 29 för-

288 2135 98 27 utom
413 2134 117 32 annat,
557 2131 111 31 under
693 2131 95 30 vilka
813 2130 192 30 förhållan-

290 2178 66 29 den
386 2178 65 29 och
480 2177 53 29 till
563 2177 107 29 vilket
699 2176 125 39 belopp
854 2175 149 30 fondens

289 2222 112 30 medel
415 2222 58 30 må
487 2224 98 37 tagas
600 2222 11 29 i
626 2220 154 41 anspråk
794 2221 54 29 till
863 2219 141 41 gäldan-

290 2268 40 29 de
345 2277 42 20 av
401 2267 189 29 kostnader
604 2275 42 20 av
660 2266 137 39 angivet
812 2266 82 38 slag.

332 2490 118 31 Fonds
464 2490 112 30 medel
616 2507 18 4 —
660 2507 29 3 —
715 2507 30 3 —
768 2507 32 3 —
825 2506 30 3 —
878 2506 32 3 —
935 2506 31 3 —
988 2506 33 3 —

1104 1950 69 30 För
1187 1949 425 39 återställningsåtgärder
1628 1949 68 29 kan
1715 1947 60 31 bil-

1061 1995 62 29 das
1145 1994 153 30 särskild
1319 1994 87 40 fond
1430 1993 106 40 enligt
1557 1994 42 29 25
1621 1993 20 37 $
1665 1993 110 36 tredje

1061 2040 145 39 stycket.

1105 2085 67 29 För
1206 2084 259 39 förvaltningen
1497 2093 42 20 av
1571 2083 95 34 fond,
1701 2092 75 21 som

1062 2132 93 37 sagts
1187 2129 11 29 i
1228 2129 112 40 första
1373 2128 83 29 eller
1487 2128 110 29 andra
1629 2127 145 39 stycket,

1062 2175 89 29 skall
1185 2174 125 39 Kungl.
1346 2173 124 40 Maj:ts
1503 2172 273 39 befallningsha-

1061 2219 112 30 vande
1193 2218 176 31 fastställa
1390 2217 310 41 reglementariska
1720 2216 56 30 be-

1062 2264 227 34 stämmelser,
1339 2263 233 30 utmärkande
1621 2262 155 29 förutom

1062 2311 117 32 annat,
1200 2309 111 29 under
1332 2307 93 30 vilka
1446 2306 245 31 förhållanden
1712 2306 64 29 och

1061 2354 53 30 till
1135 2354 108 29 vilket
1264 2353 125 39 belopp
1412 2352 150 29 fondens
1584 2351 112 29 medel
1718 2350 58 30 må

1062 2401 97 37 tagas
1174 2399 11 28 i
1202 2397 154 40 anspråk
1372 2397 52 30 till
1440 2396 170 40 gäldande
1626 2404 41 21 av
1682 2396 94 28 kost-

1062 2443 107 30 nader
1184 2452 42 20 av
1240 2442 137 39 angivet
1392 2441 83 39 slag.

1034 2488 130 29 fonden
1178 2487 138 29 bildats.

333 2557 8 13 1
362 2556 208 25 Förutvarande
585 2556 30 23 81
631 2557 11 28 3
657 2555 133 30 upphävd
804 2559 97 25 genom
917 2553 143 24 1964:183.
