1896 2844
575 162 226 29 Statsutskottets
822 162 149 28 utlåtande
992 161 46 29 Nr
1059 161 72 28 213.
1581 158 37 29 11

114 256 45 5 —
185 237 183 42 föreligger
395 248 43 20 en
464 237 102 41 högst
593 236 91 32 olika
712 236 222 42 uppfattning
960 246 54 21 om
1042 235 343 41 bidragsgivningens
1413 234 130 41 skäliga
1571 235 48 29 ut-

116 288 205 41 sträckning.
361 287 69 32 Vid
469 287 112 31 denna
618 286 262 41 överarbetning
917 286 62 31 har
1004 285 217 32 beträffande
1248 285 91 31 vissa
1367 284 57 32 län
1452 284 65 31 den
1545 294 74 20 som

118 338 335 42 bidragsberättigad
469 338 183 31 förutsatta
669 337 211 41 väglängden
897 336 117 31 sänkts
1032 336 78 31 med
1126 346 69 31 upp
1213 335 54 31 till
1283 335 40 31 20
1340 337 141 39 procent
1498 333 123 32 medan

116 389 68 31 den
208 388 215 32 beträffande
447 387 105 33 andra
574 387 95 42 höjts
692 387 77 32 med
791 387 89 31 ända
903 397 70 31 upp
996 386 53 31 till
1073 387 81 30 över
1178 386 59 31 100
1260 388 150 39 procent.
1445 384 96 32 Även
1564 395 55 21 om

116 440 141 42 enighet
274 442 68 29 rått
359 450 55 21 om
432 441 49 30 att
499 438 207 42 exempelvis
725 449 41 21 en
783 440 65 40 väg
866 448 74 21 som
958 437 178 32 förbinder
1153 437 91 31 olika
1260 437 84 40 byar
1362 436 64 32 och
1444 435 176 42 samtidigt

116 490 105 33 också
241 490 156 42 betjänar
418 490 71 31 viss
511 489 335 42 genomgångstrafik
866 488 67 31 kan
955 499 79 20 vara
1055 487 144 42 förtjänt
1220 499 40 19 av
1281 487 130 42 bidrag,
1434 487 85 31 hava
1541 486 80 31 skif-

118 541 104 32 tande
238 541 176 42 meningar
431 540 229 32 framkommit
677 539 142 32 rörande
837 539 66 32 den
921 539 154 41 ordning,
1094 538 12 31 i
1122 538 113 31 vilken
1253 538 41 31 de
1312 538 91 31 olika
1420 537 200 32 ändamålen

119 592 85 31 böra
220 592 207 31 förekomma
444 591 53 32 till
514 591 130 41 bidrag.
673 590 78 32 Full
768 590 140 42 enighet
923 590 61 31 har
1001 589 29 42 ej
1050 600 60 21 ens
1127 591 67 29 rått
1211 600 54 20 om
1282 590 48 30 att
1348 589 273 40 utfartsvägarna

119 643 75 32 från
216 643 45 41 by
282 643 54 31 till
358 643 165 40 landsväg
542 642 85 31 böra
648 641 133 42 åtnjuta
801 641 198 31 understöd.
1033 640 314 42 Uppfattningarna
1370 651 54 20 om
1446 639 41 32 de
1509 640 112 40 antag-

118 694 70 42 liga
211 694 105 42 årliga
339 693 431 32 underhållskostnaderna
793 695 57 29 äro
876 692 102 32 också
1001 691 176 38 växlande;
1203 691 120 31 medan
1348 691 42 31 de
1415 690 206 41 exempelvis

117 745 94 32 inom
234 744 283 33 Smålandslänen
539 744 216 41 uppskattats
776 743 55 31 till
852 743 104 31 5—10
978 744 57 30 öre
1057 742 63 31 och
1141 742 93 31 inom
1255 741 292 31 Norrlandslänen
1568 740 55 31 till

120 795 124 32 15—25
264 797 58 30 öre
340 795 87 31 hava
447 795 41 31 de
508 795 54 31 för
581 795 42 31 de
642 794 89 32 båda
749 793 147 32 skånska
914 794 101 30 länen
1034 793 148 41 angivits
1202 792 53 31 till
1276 792 132 38 10—50,
1429 791 192 42 respektive

121 847 60 31 100
204 848 56 30 öre
283 847 53 30 för
358 846 220 42 längdmeter.
613 844 95 33 Även
732 856 53 20 om
808 847 114 29 såsom
943 845 12 30 1
977 844 117 31 väckta
1117 844 168 31 motioner
1306 844 180 31 förutsatts
1509 843 113 31 veder-

119 897 151 32 börande
292 896 244 43 väginspektör
557 898 37 30 är
616 896 208 31 närvarande
847 896 12 30 i
882 895 284 42 länsstyrelserna
1189 894 57 31 vid
1268 894 208 41 avgörandet
1497 905 41 20 av
1560 894 63 31 frå-

119 957 107 32 gorna
243 959 53 20 om
314 948 41 31 de
374 946 155 33 enskilda
545 949 155 39 vägarna,
718 946 96 32 torde
832 946 58 31 det
907 946 73 31 visa
996 946 54 41 sig
1066 947 92 30 svårt
1174 947 49 29 att
1249 945 2 31 i
1269 956 126 20 samma
1413 945 82 41 grad
1507 946 116 40 uppnå

120 999 234 41 likformighet
378 998 64 32 och
466 998 141 31 rättvisa
631 998 58 31 vid
713 996 378 43 anslagstilldelningen
1115 1007 73 20 som
1213 1007 53 20 om
1290 996 111 31 denna
1424 1015 42 3 —
1488 997 44 40 på
1555 997 68 29 sätt

121 1049 167 32 utskottet
309 1050 11 30 i
342 1049 110 32 likhet
472 1049 78 31 med
571 1048 378 42 departementschefen
969 1047 190 42 tillstyrker
1179 1066 42 4 —
1242 1046 117 32 ställes
1382 1046 107 31 under
1510 1045 114 32 enhet-

119 1101 49 41 lig
186 1100 140 42 ledning
345 1111 41 21 av
406 1111 42 20 en
468 1100 87 31 enda
573 1100 207 41 tjänsteman
792 1099 93 31 inom
898 1100 73 40 väg-
984 1098 62 31 och
1059 1097 475 42 vattenbyggnadsstyrelsen,
1548 1107 74 21 som

120 1151 79 31 med
217 1150 130 32 samlad
364 1150 172 32 överblick
554 1152 81 29 över
652 1149 266 42 bidragskraven
935 1149 66 31 kan
1019 1148 92 32 tillse
1130 1150 48 29 att
1198 1148 99 31 dessa
1314 1147 203 42 tillgodoses
1537 1147 87 31 efter

121 1202 194 41 likformiga
333 1201 182 42 principer.

173 1253 20 31 I
215 1252 65 32 vad
302 1252 261 42 propositionen
587 1262 98 21 avser
707 1251 120 41 bidrag
850 1250 54 31 till
930 1251 176 40 byggande
1131 1250 62 31 och
1216 1248 268 42 iståndsättning
1507 1260 41 20 av
1571 1260 53 20 en-

120 1303 113 32 skilda
254 1305 102 40 vägar
376 1303 63 31 har
461 1303 66 31 den
548 1302 30 42 ej
602 1302 87 42 givit
710 1302 167 31 utskottet
898 1301 185 41 anledning
1103 1300 55 31 till
1180 1300 142 32 erinran.
1357 1299 267 42 Propositionen

122 1365 103 30 synes
245 1354 29 41 ej
296 1354 163 31 innebära
479 1353 104 32 andra
603 1353 182 41 ändringar
804 1355 72 29 mot
893 1352 195 31 nuvarande
1107 1362 135 20 normer
1260 1353 41 29 än
1322 1352 50 30 att
1392 1350 73 32 dels
1484 1350 140 40 fordran

121 1407 44 40 på
181 1405 138 31 särskilt
333 1404 318 41 landstingsbidrag
666 1403 162 42 jämsides
844 1403 78 31 med
937 1403 58 30 det
1010 1402 139 41 statliga
1163 1401 336 42 byggnadsbidraget
1514 1400 110 32 skulle

121 1454 170 39 bortfalla,
314 1454 74 32 dels
411 1454 62 32 ock
494 1456 49 30 att
564 1456 50 29 ett
634 1453 138 32 särskilt
792 1453 122 41 bidrag
935 1453 53 31 för
1008 1452 269 41 iståndsättning
1298 1462 40 20 av
1358 1452 72 36 bro,
1453 1451 87 41 färja
1561 1451 63 31 och

122 1509 145 28 trumma
289 1505 110 31 skulle
422 1505 113 31 kunna
558 1506 81 40 utgå
660 1504 12 31 i
695 1504 163 31 samband
880 1503 78 31 med
980 1505 50 29 att
1051 1503 101 41 årligt
1174 1502 321 41 underhållsbidrag
1517 1502 109 30 första

122 1558 133 40 gången
276 1555 156 42 beviljas.

174 1607 19 31 I
213 1606 116 32 väckta
349 1606 170 32 motioner
537 1606 62 31 har
618 1605 115 42 yrkats
753 1607 49 30 att
823 1605 111 41 dylikt
952 1604 410 41 iståndsättningsbidrag
1381 1603 110 32 skulle
1510 1603 115 31 kunna

123 1659 81 40 utgå
233 1657 54 32 för
315 1656 226 42 avhjälpande
572 1658 85 30 även
689 1667 58 20 »av
776 1656 105 31 andra
911 1656 53 30 för
993 1655 305 31 trafiksäkerheten
1328 1654 123 41 farliga
1478 1653 144 32 brister»

128 1709 42 41 (I:
184 1708 59 32 261
266 1708 62 32 och
347 1708 50 31 II:
411 1707 74 42 398)
511 1709 87 30 samt
618 1707 175 31 dessutom
813 1707 54 31 för
886 1706 104 42 inköp
1011 1706 63 31 och
1093 1707 175 40 transport
1286 1716 42 20 av
1346 1704 122 42 nödigt
1486 1704 140 42 vägfyll-

122 1759 242 32 nadsmaterial
388 1758 41 42 (I:
445 1756 86 43 262).
562 1758 18 31 I
599 1757 165 32 avvaktan
783 1759 43 40 på
844 1757 117 31 vidare
981 1756 192 32 erfarenhet
1192 1756 96 31 torde
1308 1755 191 32 emellertid
1518 1755 107 41 enligt

123 1809 186 32 utskottets
328 1809 139 41 mening
484 1809 206 31 åtminstone
708 1808 190 31 tillsvidare
916 1809 110 30 rätten
1044 1807 54 31 till
1116 1806 409 42 iståndsättningsbidrag
1542 1805 83 32 böra

123 1859 200 32 inskränkas
345 1859 56 31 till
423 1859 42 32 de
487 1869 41 21 av
550 1858 376 42 departementschefen
949 1857 144 41 angivna
1117 1857 295 41 anläggningarna.
1447 1856 178 31 Utskottet

121 1911 68 31 kan
211 1910 100 32 alltså
332 1910 31 41 ej
385 1909 173 41 tillstyrka
579 1909 101 31 dessa
701 1909 177 31 motioner.

177 1961 69 31 Vid
263 1960 273 32 bestämmandet
554 1970 40 21 av
613 1959 90 31 vilka
723 1958 154 32 enskilda
896 1960 102 39 vägar
1017 1969 73 20 som
1110 1958 94 31 skola
1224 1959 98 39 göras
1341 1957 212 41 berättigade
1572 1956 54 32 till

123 2011 135 41 statligt
273 2010 322 41 underhållsbidrag
611 2009 114 31 kunna
742 2009 210 41 svårigheter
969 2010 90 29 möta
1076 2008 214 31 beträffande
1307 2007 229 31 bedömandet
1554 2007 72 31 icke

123 2062 91 31 blott
228 2073 40 19 av
282 2063 126 39 vägens
423 2060 282 41 trafikbetydelse
721 2063 80 28 utan
817 2059 102 32 också
933 2070 41 20 av
989 2059 78 31 dess
1083 2059 170 31 allmänna
1265 2058 157 32 tekniska
1436 2057 190 32 beskaffen-

124 2113 67 31 het.
212 2112 42 41 Ej
277 2112 122 31 endast
418 2111 42 31 de
480 2110 197 42 uppenbara
697 2110 258 31 trafikriskerna
974 2112 106 29 måste
1100 2119 78 21 vara
1198 2109 222 41 undanröjda,
1442 2111 80 28 utan
1542 2110 85 29 även

125 2162 190 42 röjningen,
336 2161 270 41 terrasseringen
626 2161 78 31 med
724 2160 240 41 stenbrytning
984 2160 62 31 och
1066 2160 292 41 plansprängning
1378 2161 159 30 ävensom
1559 2159 68 31 dik-

125 2213 127 41 ningen
274 2214 107 30 måste
404 2223 80 20 vara
506 2214 37 29 så
565 2211 126 37 utförd,
715 2214 49 28 att
785 2213 118 39 vägen,
927 2210 76 31 med
1025 2210 174 41 undantag
1221 2209 163 42 möjligen
1406 2210 53 30 för
1481 2209 146 41 tjälloss-

125 2263 198 40 ningstiden
343 2262 84 31 eller
445 2261 160 31 liknande
624 2261 133 31 kortare
778 2260 167 42 perioder,
965 2260 65 31 kan
1049 2260 135 31 befaras
1204 2260 76 31 med
1299 2260 244 30 motorfordon.
1575 2259 51 30 De

126 2311 144 32 sålunda
288 2311 126 40 nödiga
435 2310 386 41 förbättringsarbetena
840 2310 115 31 kunna
974 2309 187 41 självfallet
1179 2310 54 30 för
1251 2309 185 40 sakägaren
1456 2309 99 30 ställa
1575 2309 53 39 sig

125 2362 226 41 betungande.
384 2362 68 30 För
470 2361 193 31 beredande
684 2371 40 20 av
743 2359 217 42 erforderligt
979 2359 214 31 ekonomiskt
1213 2359 77 31 stöd
1310 2359 97 31 torde
1428 2358 198 37 emellertid,

125 2413 151 30 förutom
297 2411 235 32 ovannämnda
552 2410 420 41 iståndsättningsbidrag,
995 2412 53 28 stå
1069 2409 53 31 till
1144 2409 88 31 buds
1254 2409 121 41 bidrag
1396 2409 75 30 från
1491 2409 137 30 hittills-

127 2462 147 32 varande
293 2462 155 40 anslaget
466 2461 53 31 till
540 2461 177 40 byggande
736 2472 39 19 av
795 2459 155 32 enskilda
970 2461 108 35 vägar.
1110 2459 140 31 Erinras
1269 2461 53 28 må
1341 2461 50 28 att
1410 2458 43 31 då
1471 2459 56 30 vid
1548 2458 80 31 1928
