2273 2742
590 216 165 31 Särskilda
785 215 163 33 Utskottets
976 217 206 31 Betänkande
1206 217 63 32 N:o
1294 219 26 29 1.
1697 222 39 30 39

580 297 138 36 landets
746 298 297 47 kustbefolkning,
1073 298 8 35 i
1112 299 65 35 den
1206 299 81 35 mån
1330 299 164 35 behofvet
1521 300 125 36 sådant
1675 301 105 36 erfor-

578 349 81 35 drar
688 354 89 31 samt
805 351 111 34 medel
958 351 114 35 dertill
1109 363 125 34 genom
1275 351 190 48 inflytande
1510 353 273 47 vakansafgifter

583 402 120 35 kunna
732 402 154 46 beredas,
915 403 44 47 på
988 403 88 35 vissa
1107 404 39 34 år
1162 403 61 35 bör
1240 407 147 43 antagas
1402 407 48 31 ett
1466 404 204 48 tillräckligt
1686 406 96 34 antal

580 454 171 48 manskap
779 454 134 36 hvilket
941 455 100 35 äfven
1071 455 111 35 under
1209 456 118 35 freden
1357 455 110 36 hålles
1495 456 221 48 fullständigt
1732 458 49 35 öf-

584 506 84 35 vadt
697 506 66 35 och
786 506 256 48 tjenstdugligt,
1071 508 52 34 för
1139 513 59 38 att,
1222 508 109 46 jemte
1347 509 296 47 matroskorpsen,
1659 514 124 42 utgöra

580 561 90 32 stam
699 558 54 36 för
781 559 260 47 bemanningen
1069 559 37 35 af
1129 558 141 37 flottans
1297 560 127 47 fartyg.

316 608 15 35 I
359 610 362 36 öfverensstämmelse
749 610 143 36 härmed
920 611 53 35 får
1000 614 58 44 jag
1086 611 120 35 vidare
1234 612 141 35 föreslå:

630 665 51 32 att
721 662 42 36 de
804 663 51 34 uti
898 665 70 45 4:0)
997 663 109 35 under
1133 663 30 35 A
1205 663 283 36 förekommande
1530 664 120 35 orden:
1694 665 89 48 efter

579 713 308 36 batsmanshållets
910 714 282 51 förminskning,
1221 716 107 35 måtte
1355 716 100 47 utgå;

631 769 51 32 att
710 779 92 23 mom
830 767 46 46 d),
907 768 109 34 under
1043 767 29 35 B
1106 769 65 45 1:0)
1199 768 107 36 måtte
1337 769 100 46 utgå;
1467 773 88 30 samt

632 823 50 30 att
710 818 57 36 det
794 819 49 35 uti
873 831 101 23 mom.
1004 824 43 42 e),
1077 819 110 36 under
1214 819 30 35 B
1280 822 74 45 1:0),
1383 820 281 35 förekommande
1685 820 98 35 ordet

571 869 274 49 förminskning
873 872 105 35 måtte
1008 872 140 47 utbytas
1175 879 71 28 mot
1274 871 246 48 indragning.

316 973 60 35 Uti
418 973 250 36 ofvanstående
709 975 214 35 reservation
965 976 186 34 instämma
1192 975 134 36 Herrar
1374 974 195 48 Tyjernlund
1608 975 63 35 och
1715 974 67 35 Ola

180 1023 186 48 Munsson,
395 1024 145 36 hvilken
570 1026 144 35 sednare
742 1030 126 44 yttrar:
912 1027 135 35 ”Ehuru
1086 1027 63 47 jag
1185 1027 138 37 förenar
1351 1028 71 46 mig
1449 1028 77 36 med
1555 1028 92 35 Herr
1674 1027 35 35 F.
1738 1026 44 36 A.

184 1076 178 36 Palander
391 1077 9 35 i
431 1077 65 35 den
527 1078 38 34 af
589 1078 129 35 honom
746 1079 134 46 afgifna
907 1079 225 40 reservation,
1161 1080 82 34 ville
1268 1081 63 46 jag
1373 1080 85 35 dock
1503 1084 51 31 att
1581 1078 203 47 Riksdagen

176 1128 133 46 Jemväl
339 1129 52 35 för
420 1129 53 35 sin
503 1129 55 35 del
586 1130 180 35 beslutade
794 1130 65 35 och
888 1131 48 34 uti
967 1131 77 34 dess
1072 1131 243 48 underdåniga
1356 1131 183 37 skrifvelse
1574 1131 51 35 till
1653 1130 129 47 Kongl.

182 1180 100 48 Maj:t
311 1181 152 46 anhölle,
492 1185 51 31 att
571 1181 58 36 det
657 1182 228 47 öfverflödiga
926 1182 290 36 båtsmanshållet
1256 1185 107 34 måtte
1405 1188 106 31 sättas
1552 1184 43 47 på
1638 1183 144 46 vakans,

178 1232 136 36 hvilket
338 1233 63 47 jag
430 1233 102 35 alltså
558 1233 65 35 har
651 1238 87 31 äran
766 1234 152 36 föreslå.”

307 1337 38 35 af
368 1337 93 35 Herr
489 1349 66 23 von
583 1336 119 36 Koch:
754 1338 276 36 ”Instämmande
1058 1339 50 34 uti
1145 1338 66 35 den
1239 1339 214 34 reservation
1485 1338 90 36 Herr
1604 1338 179 38 Palander

178 1389 147 46 atgitvit,
359 1389 5 34 i
393 1389 160 35 afseende
581 1390 19 34 å
629 1389 301 42 bautsmanshallet,
959 1391 64 35 bar
1046 1390 63 47 jag
1138 1391 132 45 endast,
1299 1390 54 34 till
1380 1391 76 35 stöd
1485 1391 51 35 för
1564 1392 65 35 den
1658 1393 39 34 af
1721 1392 60 35 ho-

178 1453 81 23 nom
287 1441 113 35 deruti
430 1441 134 48 yttrade
593 1442 150 47 mening,
773 1446 114 32 ansett
914 1442 72 47 mig
1015 1443 84 34 böra
1126 1442 121 35 anföra
1275 1446 110 42 några
1414 1443 202 47 ytterligare
1645 1444 87 35 skäl.

307 1493 14 35 I
357 1493 155 45 främsta
541 1499 150 28 rummet
723 1495 63 34 bör
814 1494 225 46 naturligtvis
1067 1495 100 45 afses,
1196 1498 64 31 när
1288 1495 99 45 fråga
1417 1499 38 30 är
1484 1507 55 23 om
1567 1502 215 41 stamtrupp,

179 1549 50 31 att
270 1545 66 35 den
378 1545 70 35 kan
492 1545 176 46 påräknas
708 1546 109 35 blifva
845 1546 118 45 sådan,
993 1551 49 30 att
1070 1547 66 34 den
1164 1546 79 35 fullt
1272 1550 193 32 motsvarar
1493 1547 59 35 sitt
1580 1548 159 35 ändamål
1770 1549 10 34 i

178 1595 208 37 militäriskt
416 1597 171 35 afseende.
642 1597 58 35 Nu
728 1597 174 36 erfordras
930 1610 41 22 en
998 1603 204 41 stamtrupp
1231 1598 52 35 för
1308 1599 389 46 Skärgårdsartilleriet,
1719 1600 62 35 och

178 1662 40 22 en
248 1649 119 46 sådan,
396 1649 38 34 af
457 1649 323 35 tillfredsställande
808 1650 249 41 beskaffenhet,
1086 1651 70 34 kan
1183 1650 149 46 troligen
1359 1650 160 46 erhållas,
1549 1663 65 34 om,
1643 1652 45 46 på
1716 1656 68 30 sätt

180 1700 178 36 Utskottet
385 1700 185 47 hemställt,
599 1701 57 35 det
683 1701 200 48 egentligen
910 1702 53 35 för
991 1706 50 31 att
1068 1701 110 36 ”bilda
1207 1701 173 47 skickliga
1407 1702 376 37 underofficersämnen

178 1754 51 33 för
258 1752 333 47 skärgårdsflottans
620 1753 131 46 behof”,
780 1753 128 36 hvaraf
934 1754 85 35 blott
1049 1756 19 33 2
1098 1755 20 33 å
1149 1755 19 34 3
1196 1754 135 45 årligen
1360 1754 75 35 lära
1463 1754 175 47 behötvas,
1664 1768 45 22 nu
1730 1755 53 35 till

177 1805 340 46 kanonier-korpsen
544 1805 159 35 lemnade
732 1806 182 46 årsanslag
942 1806 38 34 af
1005 1808 135 45 80,000
1170 1804 85 37 R:dr
1283 1806 123 35 varder
1443 1807 12 34 i
1487 1807 115 35 stället
1629 1807 155 36 användt

179 1856 52 34 till
260 1869 43 22 en
330 1855 209 47 välbehöflig
568 1862 204 42 stamtrupp
801 1858 46 47 af
870 1857 379 36 kanonkommendörer
1277 1856 57 37 och
1362 1857 163 36 minörer.

312 1907 51 35 En
394 1909 115 34 andra
537 1914 205 43 stamtrupp
771 1910 172 35 erfordras
967 1910 52 35 för
1034 1909 149 47 flottans
1212 1910 170 47 personal,
1413 1910 144 35 hvilken
1586 1911 38 35 af
1639 1911 143 35 Utskot-

178 1964 48 31 tet
254 1964 38 31 är
321 1960 117 36 afsedd
468 1965 50 30 att
545 1961 173 35 bemanna
747 1961 64 35 och
844 1962 169 35 behandla
1045 1962 47 35 all
1126 1962 65 34 den
1221 1962 158 35 materiel
1411 1963 39 34 af
1475 1963 74 34 med
1579 1963 93 47 segel
1700 1962 85 36 eller

177 2013 167 46 ångkraft
385 2012 160 35 försedda
589 2014 116 46 fartyg
747 2026 42 22 m.
832 2026 54 28 m.,
928 2014 144 35 hvilken
1100 2014 117 35 tillhör
1258 2014 55 34 det
1341 2014 173 48 egentliga
1541 2014 241 50 sjöförsvaret.

179 2065 66 34 För
286 2065 114 34 denna
429 2068 206 46 stamtrupp,
672 2078 74 23 som
776 2066 102 34 äfven
906 2066 90 35 skall
1025 2066 178 35 användas
1232 2066 110 35 såsom
1373 2078 88 24 stam
1490 2067 20 34 &
1538 2067 244 47 örlogsfartyg,

178 2116 143 46 fordras,
345 2117 107 46 jemte
482 2116 67 35 den
577 2117 211 47 intelligens,
830 2118 66 34 den
938 2118 390 47 förståndsutveckling,
1357 2118 134 48 hvarpå
1518 2131 81 23 man
1627 2131 155 29 numera,

177 2167 110 36 under
328 2169 41 34 de
402 2168 180 48 stundliga
618 2170 230 45 vexlingarne
877 2170 10 34 i
914 2169 285 37 beskaffenheten
1241 2171 34 33 at
1302 2171 36 34 åt
1365 2170 165 47 krigaren
1560 2171 224 36 anförtrodda

178 2220 377 48 förstörelse-redskap,
597 2222 62 35 hos
700 2221 122 46 hvarje
855 2222 107 35 sådan
992 2234 101 23 anser
1121 2221 185 38 önskvärd,
1335 2235 54 22 om
1418 2223 28 46 ej
1477 2223 116 46 nödig,
1621 2223 59 35 väl
1707 2224 75 42 ock,

177 2271 107 35 bland
314 2276 115 42 annat,
458 2283 54 23 om
541 2286 82 22 man
652 2274 28 46 ej
711 2273 62 35 vill
801 2273 79 35 leka
908 2273 76 35 med
1022 2274 104 35 orden
1168 2278 89 30 stam
1285 2274 63 35 och
1376 2280 214 41 stamtrupp,
1619 2279 51 31 att
1698 2275 83 35 den-

178 2336 62 22 nas
268 2324 172 47 manskap
468 2325 151 47 erhållit,
648 2325 84 35 eller
760 2325 219 47 någorlunda
1007 2330 96 31 snart
1124 2326 68 34 kan
1208 2325 144 47 erhålla,
1373 2326 208 35 åtminstone
1597 2325 186 36 minimum

177 2376 39 35 af
241 2376 67 35 den
336 2375 53 37 för
417 2388 43 23 en
488 2377 251 48 örlogssjöman
769 2377 264 48 oundgängliga
1045 2369 298 55 rekrytbildning.
