2287 2790
520 237 18 30 2
941 234 167 33 Särskilda
1137 236 163 32 Utskottets
1323 237 210 33 Betänkande
1558 240 63 31 N:o
1645 242 28 29 1.

576 323 51 30 att
667 318 100 35 dessa
807 317 175 36 marinens
1023 318 177 35 officerare
1240 318 104 50 ickeF
1353 320 82 35 böra
1446 318 119 51 ?anses
1592 321 140 36 tillhöra
1758 322 116 46 någon
1904 323 67 37 viss
1999 326 68 46 sjö-

474 376 144 43 vapnets
647 370 137 46 station,
813 374 84 32 utan
926 374 51 31 att
1005 370 41 36 de
1075 371 56 35 må
1158 382 65 35 ega
1250 374 60 40 att,
1340 372 44 35 då
1412 373 100 35 deras
1541 375 103 45 tjenst
1662 375 76 35 icke
1756 375 187 47 påkallats,
1962 377 105 37 vistas

475 424 20 34 å
523 423 145 36 hvilken
698 423 188 47 uppgifven
914 427 54 31 ort
994 423 94 35 inom
1116 422 91 36 riket
1235 423 41 35 de
1304 423 160 49 behaga”.

599 475 87 36 ”Vid
728 475 268 48 tillämpningen
1024 480 44 43 på
1097 475 453 49 underofficerspersonalen
1579 478 38 36 af
1641 479 66 36 den
1734 480 12 35 i
1774 480 108 36 andra
1909 482 158 47 punkten

470 528 200 48 uppställda
699 528 93 47 regel
819 529 62 34 bör
909 528 190 45 iakttagas:

574 584 50 31 att
651 581 41 35 de
722 579 297 47 underofficerare,
1057 592 72 23 som
1157 579 53 35 till
1236 584 49 31 ett
1313 581 93 35 antal
1436 582 37 34 af
1496 582 230 37 tillsammans
1754 585 160 49 omkring
1945 589 81 45 130,
2055 588 10 35 i

470 633 115 36 stället
608 633 52 35 för
687 640 21 27 ä
736 632 128 48 Kongl.
892 632 141 36 flottans
1060 632 64 35 och
1153 632 130 47 Kongl.
1312 633 386 48 skärgårdsartilleriets
1725 638 244 37 normalstater
1997 640 68 35 till-

469 697 174 24 sammans
684 694 179 39 upptagna
905 686 84 41 227,
1031 685 72 35 lära
1144 685 140 35 komma
1316 689 51 32 att
1406 686 121 48 finnas,
1561 688 11 35 i
1600 688 358 39 öfverensstämmelse
1987 693 77 35 med

468 737 90 36 hvad
588 737 52 35 för
669 737 202 36 officerarne
900 741 130 32 ansetts
1058 737 169 48 lämpligt,
1256 738 85 35 böra
1369 740 219 46 organiseras
1615 742 46 46 på
1688 754 42 23 en
1759 743 120 48 korps;

596 794 50 31 att
681 790 100 36 dessa
809 790 176 35 marinens
1013 790 288 35 underofficerare
1329 791 56 35 må
1412 804 65 34 ega
1505 797 59 41 att,
1593 793 44 35 då
1665 794 100 35 deras
1792 796 105 45 tjenst
1923 797 74 34 icke
2026 801 38 31 är

467 841 175 47 påkallad,
670 842 106 34 vistas
804 842 21 33 å
851 841 143 35 hvilken
1022 841 191 47 uppgifven
1241 845 53 31 ort
1320 842 95 35 inom
1441 843 91 36 riket
1559 844 41 35 de
1629 845 161 48 behaga”.

595 892 82 37 ”6:0.
733 893 332 48 Kanonierkorpsen
1094 893 70 46 bör,
1193 893 112 36 såsom
1325 894 76 36 icke
1421 897 244 35 motsvarande
1689 897 58 37 det
1766 899 78 35 med
1864 900 198 36 densamma

465 946 143 35 afsedda
635 945 205 47 ändamålet,
869 946 61 35 och
960 946 77 35 icke
1065 945 108 36 heller
1188 946 41 34 de
1246 947 76 34 med
1339 947 76 35 dess
1444 949 305 47 upprätthållande
1778 951 163 36 förenade
1968 953 94 35 kost-

467 998 118 46 nader,
613 998 191 46 indragas.”

594 1049 82 36 ”T:o.
730 1049 304 47 Båtsmanshållet,
1063 1061 73 23 som
1164 1062 145 23 numera
1337 1051 75 36 icke
1441 1058 194 31 motsvarar
1662 1054 58 36 det
1752 1054 141 38 dermed
1921 1056 143 37 afsedda

465 1102 207 46 ändamålet,
713 1103 62 35 bör
816 1103 38 34 så
895 1102 67 35 fort
998 1102 124 35 sådant
1162 1102 77 35 med
1268 1103 160 36 afseende
1457 1105 44 47 på
1530 1106 58 35 det
1616 1106 194 37 allmännas
1837 1108 110 36 fördel
1974 1109 88 36 låter

466 1155 53 46 sig
559 1159 95 42 göra,
696 1154 158 48 upphöra
895 1160 49 29 att
980 1158 125 43 utgöra
1132 1167 42 22 en
1203 1154 54 36 del
1286 1155 38 35 af
1347 1155 240 47 sjöförsvarets
1615 1160 169 45 personal.
1839 1160 18 35 I
1885 1161 176 36 öfverens-

463 1206 196 35 stämmelse
687 1206 141 36 härmed
858 1207 66 46 må,
952 1207 10 34 i
992 1207 80 34 mån
1100 1206 38 35 af
1161 1207 203 36 nuvarande
1393 1208 175 37 båtsmäns
1594 1210 184 37 inträffade
1805 1212 140 48 afgång,
1970 1213 90 47 jem-

464 1258 55 35 väl
560 1259 41 34 de
641 1271 158 23 nummer
840 1258 55 35 vid
937 1258 298 43 båtsmanshållet,
1264 1260 147 34 rörande
1439 1261 119 36 hvilka
1585 1263 77 35 icke
1690 1264 124 35 sådant
1841 1265 38 35 af
1902 1265 159 36 sistlidna

463 1311 56 34 års
547 1310 158 46 Riksdag
735 1310 177 45 beslutats,
941 1314 107 31 sättas
1076 1311 44 45 på
1148 1311 132 34 vakans
1309 1311 69 35 tills
1408 1312 128 43 vidare,
1560 1314 82 34 eller
1669 1315 92 35 intill
1790 1316 77 35 dess
1895 1316 59 35 det
1981 1317 79 35 blif-

464 1361 47 36 vit
551 1361 164 47 slutligen
748 1361 162 47 afgjordt,
951 1374 55 22 om
1035 1361 119 47 några,
1183 1362 62 34 och
1275 1362 10 34 i
1312 1363 38 34 så
1377 1363 60 34 fall
1465 1364 121 35 hvilka
1613 1367 148 34 rusthåll
1788 1367 64 34 och
1880 1372 94 30 rotar
2002 1369 58 34 vid

462 1413 286 35 båtsmanshållet
784 1413 52 36 för
877 1413 170 48 fyllandet
1075 1413 38 35 af
1135 1414 157 35 arméens
1320 1414 106 35 behof
1449 1415 39 34 af
1511 1420 193 45 stamtrupp
1735 1418 82 35 böra
1844 1418 98 48 afses,
1971 1425 90 31 samt

461 1465 168 46 derjemte
658 1465 158 35 vilkoren
844 1466 113 34 blifvit
985 1465 170 35 definitivt
1183 1465 169 47 afgjorda,
1386 1466 72 36 dels
1485 1467 52 35 för
1565 1473 48 30 ett
1642 1470 124 35 sådant
1794 1472 176 35 eventuelt
1997 1484 61 23 an-

461 1517 182 35 vändande
684 1517 39 35 af
759 1517 91 35 vissa
883 1530 159 22 nummer
1069 1517 39 34 af
1131 1517 297 41 håtsmanshållet,
1457 1519 73 35 dels
1561 1520 49 34 för
1638 1521 112 46 öfriga
1779 1522 77 34 dess
1883 1536 176 23 nummers

461 1569 156 35 sättande
645 1569 44 47 på
716 1569 139 46 ständig
884 1569 158 35 vakans.”

593 1621 81 36 ”8:0.
731 1620 67 35 För
826 1625 49 31 att
902 1621 124 35 bereda
1057 1620 222 47 sjöförsvaret
1307 1622 106 47 nödig
1441 1624 194 47 ersättning
1662 1624 54 36 för
1743 1625 93 35 hvad
1867 1626 191 36 detsamma

460 1672 77 36 med
573 1672 99 35 dessa
714 1674 108 44 5,676
865 1673 158 35 båtsmän
1066 1673 61 35 och
1169 1675 71 34 200
1282 1674 205 36 kanonierer
1528 1677 38 34 så
1601 1677 218 47 småningom
1847 1677 148 37 förlorar
2023 1680 39 34 af

460 1730 195 42 stamtrupp
696 1725 153 45 ombord,
885 1725 73 42 bör,
986 1726 11 33 i
1025 1725 66 34 den
1121 1725 81 35 mån
1231 1725 188 47 tillgångar
1446 1727 110 36 dertill
1587 1740 125 35 genom
1741 1729 105 35 ofvan
1875 1730 182 36 förutsatta

459 1776 251 47 indragningar
750 1777 119 34 kunna
899 1776 152 47 beredas,
1080 1777 62 35 och
1174 1778 108 34 under
1309 1778 225 48 iakttagande
1563 1780 38 35 af
1625 1781 67 35 den
1718 1781 11 35 i
1757 1781 110 36 andra
1900 1783 157 46 punkten

457 1828 197 47 uppställda
682 1828 103 46 regel,
814 1828 78 35 utaf
915 1828 41 35 de
984 1833 87 30 mest
1098 1829 167 47 lämpliga
1294 1829 38 35 af
1354 1830 137 37 landets
1520 1832 294 48 kustbefolkning,
1836 1834 87 35 efter
1949 1835 107 46 nödig

456 1879 173 47 pröfning,
659 1884 146 42 antagas
834 1880 228 36 tillsammans
1089 1881 104 47 högst
1227 1883 103 39 1,400
1359 1884 111 43 man”;
1499 1884 10 34 i
1538 1884 254 49 sammanhang
1819 1886 77 35 med
1921 1886 136 36 hvilket

456 1931 131 47 förslag
627 1932 216 35 motionären
884 1933 186 35 framställt
1102 1933 93 35 vissa
1222 1933 259 37 bestämmelser
1509 1936 65 35 och
1602 1937 122 46 vilkor,
1753 1950 74 23 som
1853 1937 12 35 i
1893 1938 161 35 afseende

457 1983 45 47 på
543 1984 92 35 detta
679 1984 168 47 manskap
887 1985 106 35 borde
1032 1985 184 47 iakttagas,
1244 1985 131 36 såsom:
1413 1988 263 47 antagningstid
1703 1988 108 36 första
1838 1989 140 47 gången
2011 1992 42 34 10

455 2043 59 37 är;
556 2035 159 47 förlängd
752 2036 261 47 antagningstid
1049 2036 50 35 för
1129 2036 119 47 hvarje
1275 2037 94 47 gång
1396 2038 103 48 högst
1528 2043 18 30 >
1577 2041 53 45 år;
1658 2040 183 48 indelning
1868 2042 45 47 på
1940 2042 111 46 grund

454 2087 38 34 af
518 2086 288 48 tjenstduglighet
833 2088 9 34 i
872 2088 131 35 klasser
1030 2088 82 35 eller
1140 2089 286 46 grader,
1287 2082 19 58 i
1316 2089 110 46 likher
1453 2091 77 36 med
1560 2092 230 37 förhållandet
1822 2094 58 34 vid
1908 2097 145 32 matros-

454 2138 165 47 korpsen;
662 2139 202 47 skyldighet
905 2140 20 34 å
968 2140 137 35 karlens
1147 2140 74 35 sida
1262 2147 59 40 att,
1355 2146 63 31 när
1446 2143 87 36 hans
1563 2144 104 47 tjenst
1693 2145 168 47 påkallas,
1890 2158 84 22 vara
2000 2145 54 35 till

454 2195 129 30 statens
623 2191 222 47 förfogande;
887 2192 77 46 fast,
1006 2191 88 48 årlig
1132 2193 58 34 lön
1219 2193 49 35 till
1299 2194 57 35 det
1384 2194 134 48 belopp,
1548 2200 49 31 att
1626 2196 165 48 lämpliga
1818 2197 154 36 sökande
2000 2197 51 35 till

451 2241 116 48 lediga
611 2243 128 47 platser
779 2243 91 36 inom
914 2244 113 35 denna
1067 2245 161 46 personal
1269 2246 97 35 alltid
1411 2259 80 23 vore
1525 2251 49 32 att
1602 2248 173 48 påräkna;
1808 2249 243 46 innehållning

451 2293 39 35 af
538 2306 43 23 en
630 2295 54 35 del
729 2296 38 34 af
812 2296 68 35 den
920 2295 111 47 årliga
1080 2296 102 35 lönen
1227 2297 62 35 och
1341 2298 94 35 detta
1481 2299 142 49 belopps
1663 2300 222 48 förräntning
1926 2312 125 36 genom

451 2345 582 49 Amiralitets-krigsmanskassans
1072 2348 134 47 försorg
1248 2350 52 35 för
1342 2350 140 36 karlens
1523 2352 168 48 räkning;
1737 2353 192 57 hvarjemte
1970 2353 80 34 kar-

450 2396 56 36 len
560 2399 110 36 under
716 2399 229 48 tjenstgöring
996 2401 106 35 borde
1155 2400 135 49 åtnjuta
1350 2403 153 47 poriion,
1553 2404 86 36 bröd
1691 2404 66 36 och
1810 2405 240 47 inqvartering
