1890 2832
456 171 414 38 Bevillningsutskottets
892 172 223 32 betänkande
1136 172 51 32 Nr
1212 173 52 30 21.
1553 170 17 32 7

109 257 435 36 ersättningsberättigade
583 257 115 31 städer
732 258 160 30 emellan.
940 258 56 31 Av
1033 257 64 31 vad
1134 257 301 32 stadsförbundets
1471 258 143 36 styrelse

109 309 118 30 anfört
262 309 198 36 framginge
494 309 208 36 emellertid,
736 311 51 29 att
820 309 55 32 det
904 320 44 21 av
978 310 266 30 ämbetsverken
1268 311 12 29 i
1304 310 91 35 syfte
1423 311 51 29 att
1502 310 112 30 åstad-

109 361 139 30 komma
272 370 43 21 en
339 361 187 31 rättvisare
551 361 201 36 fördelning
776 362 198 36 framlagda
999 362 166 36 förslaget
1189 362 75 31 icke
1288 361 117 31 kunde
1428 371 100 22 anses
1545 362 69 31 till-

109 412 277 32 fredsställande.
432 413 17 30 I
482 413 192 35 anledning
698 413 110 31 härav
833 414 87 30 hade
943 413 123 32 chefen
1091 414 52 30 för
1167 413 403 36 finansdepartementet,
1594 415 19 29 å

109 464 139 31 vilkens
273 464 252 37 föredragning
550 465 270 35 ifrågavarande
842 465 172 36 spörsmål
1032 466 156 30 närmast
1204 466 207 35 ankommit,
1429 465 183 36 meddelat,

108 517 52 29 att
184 516 70 30 han
278 516 75 30 icke
376 517 130 35 ansåge
529 516 55 36 sig
608 516 120 30 kunna
754 516 151 37 förorda,
929 518 52 30 att
1002 516 145 32 berörda
1164 516 131 37 förslag
1313 517 93 31 lades
1424 517 57 31 till
1499 516 112 36 grund

109 567 54 32 för
186 567 267 37 framställning
478 568 58 31 till
561 567 199 37 riksdagen.

153 644 55 31 Av
233 645 65 31 den
322 645 192 36 utredning
531 646 12 30 i
560 646 128 35 frågan
705 656 54 21 om
777 646 65 31 den
859 646 77 31 med
956 646 293 31 utförselbevisen
1264 645 348 37 sammanhängande

110 696 239 37 beräkningen
384 708 44 20 av
463 697 182 32 städernas
680 698 325 36 tolagsersättning,
1035 708 72 21 som
1136 708 48 21 nu
1212 698 198 35 återgivits,
1435 708 102 26 synes
1561 699 51 30 ut-

108 748 129 32 skottet
272 749 199 37 otvetydigt
499 750 148 36 framgå,
675 751 52 30 att
755 750 39 31 de
823 750 380 36 beräkningsgrunder,
1232 760 72 21 som
1333 760 47 21 nu
1408 750 105 36 gälla,
1538 750 74 31 icke

109 802 59 29 äro
193 801 339 31 tillfredsställande.
577 801 180 32 Utskottet
781 804 38 29 är
843 802 196 31 emellertid
1064 803 75 30 icke
1163 802 12 30 i
1199 802 144 31 tillfälle
1367 803 52 29 att
1443 802 77 31 med
1537 801 75 32 stöd

109 862 44 21 av
189 852 65 31 den
289 853 243 37 föreliggande
568 854 237 36 utredningen
839 854 201 36 framlägga
1073 855 105 35 något
1210 854 131 36 förslag
1374 854 57 31 till
1460 853 153 32 ändrade

110 904 163 36 grunder,
308 906 86 30 utan
423 915 113 26 anser,
564 907 52 29 att
640 906 127 35 frågan
791 908 38 28 är
853 916 44 20 av
922 906 66 31 den
1013 907 115 35 natur,
1152 907 52 30 att
1228 905 76 32 dess
1327 906 164 31 fortsatta
1515 908 98 33 pröv-

108 956 88 36 ning
231 957 61 31 bör
325 957 188 31 ankomma
546 958 44 35 på
618 957 133 36 Kungl.
776 957 113 37 Maj:t.
934 957 181 32 Utskottet
1138 958 64 30 har
1225 957 118 31 därför
1367 958 95 31 velat
1486 957 127 32 föreslå

109 1008 189 37 riksdagen
322 1011 52 29 att
398 1009 60 31 hos
482 1009 136 36 Kungl.
643 1009 102 36 Maj:t
768 1009 154 37 anhålla,
946 1011 53 30 att
1023 1009 66 32 den
1113 1010 57 30 till
1195 1009 88 37 följd
1306 1020 44 21 av
1367 1009 246 37 anordningen

109 1060 77 31 med
224 1061 246 32 utförselbevis
509 1061 203 36 uppkomna
749 1062 128 36 frågan
915 1072 56 20 om
1005 1062 375 36 tolagsersättningens
1417 1062 196 36 beräkning

108 1113 108 30 måtte
252 1113 97 31 bliva
384 1113 148 31 föremål
565 1113 54 31 för
647 1114 143 31 fortsatt
814 1114 194 36 utredning
1032 1115 90 30 samt
1146 1115 50 30 att
1221 1114 133 36 Kungl.
1378 1113 103 37 Maj:t
1505 1115 108 30 måtte

108 1166 137 30 snarast
269 1165 140 37 möjligt
433 1166 54 31 för
511 1165 190 37 riksdagen
725 1166 199 37 framlägga
948 1166 133 37 förslag
1105 1167 12 30 i
1141 1168 128 29 ämnet.

151 1251 75 32 Den
250 1252 12 31 i
285 1253 261 35 propositionen
581 1253 201 36 föreslagna
810 1253 153 32 ändrade
987 1253 158 36 lydelsen
1168 1263 45 21 av
1238 1250 18 38 $
1280 1254 18 30 2
1322 1254 13 30 i
1358 1253 254 36 förordningen

108 1304 12 30 i
143 1305 118 30 ämnet
284 1304 64 31 har
372 1305 75 31 icke
471 1305 93 35 givit
587 1306 172 30 utskottet
782 1305 194 37 anledning
1001 1305 57 31 till
1082 1305 155 31 erinran.
1275 1304 180 33 Utskottet
1472 1306 140 36 intager

107 1356 195 31 emellertid
326 1357 11 30 i
362 1356 54 31 sin
441 1356 213 32 hemställan
677 1357 357 37 författningstexten
1058 1358 12 30 i
1094 1357 75 32 dess
1193 1357 127 31 helhet.

149 1442 120 32 Under
292 1442 217 37 åberopande
532 1453 44 22 av
601 1443 67 32 vad
692 1443 147 32 sålunda
863 1445 149 35 anförts,
1036 1444 55 31 får
1113 1443 171 33 utskottet
1308 1444 196 37 hemställa,

549 1532 52 30 att
624 1531 189 37 riksdagen
837 1533 120 35 måtte,

548 1626 31 38 1)
603 1627 78 32 med
715 1627 104 32 bifall
853 1628 58 31 till
948 1627 136 37 Kungl.
1119 1628 118 37 Maj:ts
1272 1628 229 32 förevarande
1536 1638 73 27 pro-

504 1680 153 35 position
680 1689 43 22 nr
747 1680 61 32 107
832 1681 92 31 samt

550 1732 12 31 1
585 1732 193 36 anledning
813 1742 45 21 av
891 1732 220 32 motionerna
1144 1733 84 31 II:4
1262 1743 43 21 av
1330 1733 80 31 herr
1434 1733 175 31 Lindman

507 1794 45 21 m.
577 1784 34 31 fl.
647 1784 63 31 och
744 1784 126 31 II:345
906 1795 45 20 av
986 1784 81 32 herr
1095 1784 144 33 Nilsson
1262 1785 13 31 i
1298 1785 122 37 Hörby
1444 1788 165 29 ävensom

548 1836 78 31 med
650 1836 124 37 avslag
798 1837 21 30 å
843 1836 73 32 dels
941 1836 40 32 de
1005 1837 228 37 likalydande
1258 1838 221 31 motionerna
1495 1837 36 32 I:
1547 1838 61 31 257

504 1898 44 21 av
573 1888 80 31 herr
676 1887 79 32 Nils
778 1888 122 31 Anton
923 1888 144 33 Nilsson
1091 1899 44 21 m.
1161 1890 34 31 fl.
1219 1890 63 31 och
1305 1889 50 32 IT:
1380 1890 62 31 435
1466 1900 45 21 av
1528 1890 80 31 herr

505 1940 141 32 Gardell
671 1941 12 30 i
707 1940 93 32 Gans
834 1951 46 21 m.
910 1941 35 31 fl.
982 1940 73 32 dels
1093 1942 62 31 ock
1191 1942 179 32 motionen
1404 1942 32 31 II
1456 1942 83 31 :437
1563 1952 44 21 av

504 1993 79 31 herr
606 1993 201 31 Pettersson
831 1993 12 31 i
866 1993 233 37 Hällbacken,
1120 1995 131 36 antaga
1276 1994 155 37 följande

754 2080 203 40 Förslag

829 2141 56 32 till

308 2201 219 41 förordning
550 2200 191 42 angående
765 2202 261 31 utförselbevis
1050 2203 58 30 för
1131 2201 67 42 råg
1221 2204 68 29 och
1315 2207 93 28 vete.

149 2288 210 38 Härigenom
382 2289 180 32 förordnas
584 2299 72 22 som
681 2290 114 37 följer:

819 2352 18 39 $
861 2353 28 30 1.

147 2412 83 35 Den,
262 2422 72 21 som
368 2422 43 21 av
446 2412 133 32 omalen
603 2414 60 36 råg
688 2413 81 31 eller
792 2413 125 32 omalet
941 2416 84 34 vete,
1051 2416 145 30 varöver
1218 2415 68 32 han
1309 2418 84 30 utan
1417 2417 123 32 hinder
1561 2427 45 22 av

104 2465 185 31 tullverket
312 2465 69 31 kan
405 2466 94 30 inom
523 2466 90 31 riket
636 2466 76 31 fritt
736 2466 143 36 förfoga,
904 2467 42 35 på
969 2476 41 21 en
1034 2468 91 36 gång
1149 2468 54 31 till
1228 2469 139 31 utförsel
1383 2470 146 36 angiver
1544 2471 61 30 och

104 2516 74 32 med
203 2526 41 22 en
268 2517 60 31 och
352 2527 129 22 samma
506 2518 160 36 lägenhet
690 2518 55 31 till
768 2518 158 32 utlandet
949 2519 141 36 sjöledes
1113 2519 82 32 eller
1218 2521 42 35 på
1283 2521 147 37 järnväg
1453 2523 82 31 eller
1551 2523 53 31 till

1668 651 141 26 Utskottets

1672 689 126 26 yttrande,

1647 1451 167 25 Hemställan.
