1908 2776
292 177 37 29 10
574 179 123 37 Tredje
723 180 244 37 lagutskottets
991 181 177 31 utlåtande
1192 192 43 20 nr
1259 184 38 29 13
1319 183 40 30 år
1382 184 84 30 1957

288 267 49 28 att
354 267 149 29 avvakta
522 269 49 28 att
590 268 208 31 hithörande
817 269 118 37 frågor
954 271 10 28 i
985 271 52 29 sin
1055 271 116 30 helhet
1189 272 98 29 blivit
1305 273 158 34 utredda,
1483 282 101 20 anser
1606 273 169 29 utskottet

288 327 42 21 en
349 319 109 30 sådan
478 321 197 37 utveckling
694 331 83 21 vara
796 324 50 29 att
863 323 101 30 hälsa
983 324 77 29 med
1079 324 315 31 tillfredsställelse.

330 372 93 30 Enär
441 373 121 30 kravet
579 374 43 37 på
641 375 247 37 ömsesidighet
905 376 32 37 ej
958 377 121 29 enbart
1095 378 39 29 är
1152 380 48 27 ett
1219 378 140 30 svenskt
1378 379 146 30 intresse
1543 379 64 30 och
1627 381 147 29 ovanbe-

288 425 101 30 rörda
410 427 183 36 praktiska
614 428 213 37 svårigheter
848 430 98 29 torde
968 430 45 29 ha
1035 430 74 30 sina
1130 431 289 37 motsvarigheter
1441 433 10 28 i
1474 432 56 30 det
1550 433 118 36 övriga
1690 433 84 29 Nor-

287 479 84 29 dens
392 479 132 36 länder,
546 481 58 29 vill
626 481 171 30 utskottet
819 482 54 29 för
896 483 55 29 sin
973 483 53 29 del
1049 483 137 36 föreslå,
1209 486 50 28 att
1281 485 66 29 den
1368 485 152 30 avsedda
1541 485 233 37 utredningen

287 532 133 30 utföres
447 540 122 29 genom
596 533 137 38 försorg
758 544 43 20 av
824 535 105 37 något
957 537 236 29 samnordiskt
1219 545 115 29 organ,
1363 539 209 36 exempelvis
1599 539 175 30 Nordiska

287 585 105 35 rådet,
416 586 84 30 eller
523 586 99 37 eljest
644 588 113 29 under
779 588 130 30 former
934 598 74 20 som
1031 591 139 36 medger
1192 591 98 29 bästa
1313 591 145 37 möjliga
1483 592 225 38 samordning
1732 602 42 20 av

286 639 338 40 utredningsarbetet
641 641 148 29 berörda
808 641 121 30 länder
949 643 156 29 emellan.

330 692 46 30 På
396 693 114 36 grund
530 702 42 20 av
590 693 56 30 det
666 694 149 30 anförda
836 695 53 29 får
911 695 169 30 utskottet
1100 697 194 35 hemställa,

648 749 51 28 att
720 748 184 37 riksdagen
925 749 11 29 i
956 750 186 37 anledning
1163 760 41 20 av
1223 751 229 31 förevarande
1471 753 172 29 motioner
1663 753 28 29 1:
1708 753 62 29 383

602 801 64 29 och
691 801 113 30 II:472
826 801 108 30 måtte
956 802 10 29 i
991 803 164 30 skrivelse
1179 804 51 29 till
1253 804 124 37 Kungl.
1401 805 105 37 Maj:t
1529 815 73 20 som
1626 806 54 29 sin
1702 815 69 21 me-

602 854 84 36 ning
705 855 75 36 giva
800 855 51 29 till
870 855 119 30 känna
1006 857 65 29 vad
1090 857 171 30 utskottet
1278 858 128 30 anfört.

331 959 201 30 Stockholm
550 960 65 29 den
634 960 40 30 26
692 970 95 20 mars
808 962 80 29 1957

722 1068 46 29 På
787 1069 111 36 tredje
919 1069 244 37 lagutskottets
1184 1071 141 36 vägnar:

863 1176 122 30 HUGO
1011 1177 175 30 OSVALD

599 1397 64 30 Vid
682 1398 95 29 detta
797 1398 146 29 ärendes
965 1399 210 38 behandling
1193 1400 65 29 har
1277 1401 170 30 närvarit:

325 1503 79 30 från
438 1504 164 30 första
634 1505 220 29 kammaren:
880 1505 122 30 herrar
1023 1506 138 36 Osvald,
1186 1507 178 36 Lindahl+s,
1391 1509 84 30 Axel
1498 1510 160 36 Jansson,
1683 1511 83 29 Her-

282 1565 175 29 mansson,
478 1557 112 31 Göran
607 1559 200 35 Karlsson>,
826 1560 94 29 Ebbe
938 1560 160 35 Ohlsson,
1119 1561 240 30 Kristiansson
1377 1563 65 29 och
1463 1563 55 29 fru
1537 1564 155 34 Nilsson;

325 1610 80 30 från
442 1612 153 29 andra
634 1612 220 30 kammaren:
885 1614 122 29 herrar
1034 1615 115 34 Levin,
1178 1615 199 30 Johansson
1405 1617 10 28 i
1448 1617 100 37 Torp,
1577 1626 68 21 von
1674 1618 91 34 Seth,

280 1664 177 30 Johnsson
481 1666 10 28 i
515 1666 308 37 Kastanjegården,
847 1667 57 30 fru
928 1668 204 35 Torbrink+,
1157 1669 120 29 herrar
1301 1670 200 29 Andersson
1525 1671 9 29 i
1559 1671 205 37 Ryggestad,

280 1717 200 31 Johansson
501 1719 10 29 i
532 1719 152 30 Öckeröt
707 1720 64 30 och
790 1721 152 29 Jansson
963 1722 9 28 i
993 1722 202 30 Benestad+.

311 1789 13 14 +
345 1789 34 28 Ej
399 1790 182 25 närvarande
599 1792 48 23 vid
666 1791 181 25 utlåtandets
866 1792 154 29 justering.

703 2402 107 22 Svenska
822 2403 285 26 Tryckeriaktiebolaget,
1121 2405 138 21 Stockholm
1274 2406 54 21 1957

982 2438 59 12 870442
