1895 2828
403 157 403 40 Bevillningsutskottets
828 160 218 31 betänkande
1065 170 43 20 nr
1127 163 39 28 21
1189 163 39 29 år
1250 164 82 29 1968
1596 169 14 29 1

792 406 50 34 Nr
871 407 48 34 21

346 507 403 40 Bevillningsutskottets
770 510 216 31 betänkande
1005 512 79 29 med
1101 513 188 40 anledning
1306 523 42 20 av
1365 514 172 30 motioner
1555 516 55 29 be-

564 562 176 40 träffande
758 564 177 30 missbruk
952 574 43 21 av
1014 566 138 30 teknisk
1170 567 98 39 sprit.

1413 623 75 31 (1:a
1508 624 94 33 avd.)

168 721 385 40 Bevillningsutskottet
581 726 126 37 upptar
735 725 51 29 till
815 725 211 41 behandling
1054 727 11 29 i
1092 729 46 28 ett
1168 729 254 40 sammanhang
1451 730 155 40 följande

126 775 172 29 motioner

171 829 34 33 1)
235 829 176 30 motionen
430 830 99 30 11:63
547 841 42 20 av
605 832 80 29 herr
701 832 142 39 Sjönell,
861 834 73 29 vari
951 835 196 30 hemställts
1165 838 49 27 att
1231 836 186 40 riksdagen
1435 838 11 29 i
1464 838 142 30 skrivel-

126 891 34 20 se
181 882 50 30 till
251 883 125 40 Kungl.
396 884 105 40 Maj:t
522 884 106 31 måtte
648 886 115 39 påtala
784 887 212 31 missbruket
1016 898 42 20 av
1078 898 25 20 s.
1124 889 32 30 k.
1178 890 130 39 T-sprit
1328 891 65 29 och
1412 891 124 40 begära
1557 892 49 30 åt-

125 937 121 38 gärder
269 937 54 30 för
345 940 50 27 att
418 938 181 31 förhindra
622 940 92 30 detta
739 940 9 30 i
771 941 150 39 enlighet
943 943 77 29 med
1043 943 66 29 vad
1132 943 10 29 i
1165 944 176 29 motionen
1364 945 151 36 anförts;

168 990 36 33 2)
234 991 177 30 motionen
433 992 45 29 II:
495 992 58 30 101
575 1002 43 20 av
636 994 121 29 herrar
777 993 218 39 Fridolfsson
1017 996 10 29 i
1049 996 200 30 Stockholm
1270 998 66 29 och
1357 997 154 37 Werner,
1532 1000 74 29 vari

123 1043 196 31 hemställts
336 1046 49 28 att
403 1045 185 40 riksdagen
605 1047 8 29 i
634 1047 164 30 skrivelse
815 1048 52 29 till
886 1048 124 40 Kungl.
1028 1049 105 37 Maj:t
1152 1050 106 30 måtte
1276 1051 125 39 begära
1418 1062 41 20 en
1479 1053 128 39 skynd-

123 1106 74 20 sam
214 1097 187 41 utredning
418 1099 78 29 med
514 1099 130 40 förslag
663 1101 160 39 syftande
841 1102 51 29 till
912 1104 49 27 att
980 1102 268 41 tillverkningen
1267 1114 42 20 av
1328 1105 175 40 T-spriten
1523 1107 83 29 änd-

121 1160 56 20 ras
196 1151 12 29 i
224 1151 67 29 vad
309 1161 98 20 avser
426 1152 77 30 dess
522 1154 159 29 kemiska
701 1156 326 39 sammansätlning,
1048 1159 89 27 samt
1158 1160 48 27 att
1226 1159 255 40 försäljningen
1502 1170 42 20 av
1564 1161 41 28 T-

122 1204 131 39 spriten
273 1205 231 31 underkastas
525 1207 120 40 skärpt
665 1208 167 36 kontroll;

167 1257 36 34 3)
233 1259 177 30 motionen
432 1260 44 29 II:
494 1260 59 30 102
575 1270 42 21 av
636 1261 80 30 herr
738 1261 206 40 Gustafsson
966 1264 10 29 i
997 1264 117 35 Borås,
1135 1265 74 30 vari
1230 1266 195 30 hemställts
1447 1269 49 28 att
1516 1267 89 30 riks-

122 1311 110 40 dagen
251 1312 12 29 i
280 1312 166 31 skrivelse
464 1314 52 29 till
535 1314 125 40 Kungl.
679 1315 105 40 Maj:t
803 1316 106 30 måtte
927 1317 125 40 begära
1071 1320 50 28 att
1139 1319 242 40 utvecklingen
1401 1330 42 20 av
1461 1321 143 40 T-sprit-

122 1365 212 31 missbruket
352 1367 83 40 följs
454 1368 78 29 med
551 1369 126 29 största
695 1370 312 39 uppmärksamhet
1025 1372 64 29 och
1107 1374 49 28 att
1174 1372 159 40 åtgärder
1352 1374 53 29 för
1423 1376 49 28 att
1491 1375 112 40 stävja

121 1419 93 30 detta
232 1420 177 30 missbruk
425 1421 124 30 vidtas.

574 1587 168 33 Gällande
758 1588 263 34 bestämmelser
1036 1602 49 21 m.
1101 1603 49 21 m.

163 1688 267 40 Försäljningen
451 1699 42 20 av
514 1691 139 29 teknisk
675 1692 85 39 sprit
780 1693 150 39 regleras
952 1694 9 29 i
982 1694 248 40 förordningen
1252 1705 56 20 om
1330 1696 209 40 försäljning
1560 1707 42 20 av

120 1741 139 30 teknisk
278 1742 86 39 sprit
381 1743 65 30 och
464 1744 273 40 alkoholhaltiga
756 1749 161 36 preparat
940 1747 92 34 (SFS
1053 1748 97 30 1961:
1170 1748 91 34 181).
1280 1750 116 39 Enligt
1417 1751 13 28 1
1453 1750 15 37 8
1488 1751 113 30 denna

122 1795 206 40 förordning
348 1796 169 30 benämns
537 1798 141 29 teknisk
699 1799 96 39 sprit,
818 1808 73 21 som
912 1800 242 31 denaturerats
1176 1802 37 29 så
1234 1805 49 27 att
1304 1803 171 40 förtäring
1495 1804 107 30 därav

119 1849 70 29 kan
208 1849 178 30 betraktas
407 1859 74 21 som
503 1852 184 34 utesluten,
709 1853 331 31 starkdenaturerad
1062 1856 96 38 sprit.
1180 1856 113 29 Sådan
1315 1858 85 38 sprit
1422 1857 53 30 får
1496 1858 106 39 enligt

119 1902 18 29 3
158 1902 15 37 $
195 1903 107 39 säljas
321 1904 109 29 under
450 1913 134 21 samma
602 1905 125 30 villkor
746 1915 74 21 som
839 1908 105 38 gäller
965 1908 52 29 för
1037 1908 166 31 drivande
1222 1919 42 20 av
1281 1910 126 30 handel
1427 1911 11 29 i
1456 1912 144 29 allmän-

117 1956 69 29 het.
208 1957 299 40 Denatureringen
531 1958 53 30 för
608 1959 330 31 starkdenaturerad
962 1961 86 39 sprit
1071 1962 169 30 fastställs
1263 1973 41 19 av
1326 1964 275 40 kontrollstyrel-

119 2018 70 21 sen.
207 2010 213 30 Tillverkare
437 2021 41 20 av
495 2011 107 31 sådan
621 2013 87 39 sprit
724 2014 36 28 är
778 2013 23 30 f.
819 2023 32 20 n.
868 2014 122 30 endast
1007 2015 56 29 AB
1080 2016 81 29 Vin-
1178 2017 64 29 och
1260 2016 281 40 Spritcentralen.

163 2064 331 40 Kontrollstyrelsen
510 2066 63 29 har
589 2066 12 29 i
616 2068 47 27 ett
679 2066 42 30 fr.
737 2076 29 20 o.
783 2077 44 19 m.
844 2067 66 30 den
929 2069 14 28 1
962 2070 193 38 september
1174 2070 82 29 1966
1273 2071 157 38 gällande
1447 2072 153 30 cirkulär

117 2117 79 30 med
217 2118 76 30 stöd
313 2128 42 20 av
375 2119 153 30 nämnda
549 2119 205 41 förordning
774 2121 172 30 meddelat
965 2122 93 30 vissa
1078 2123 261 31 bestämmelser
1359 2125 148 31 rörande
1527 2127 73 29 tek-

121 2171 80 29 nisk
230 2172 96 39 sprit.
355 2172 108 30 Dessa
490 2173 145 29 innebär
663 2174 278 40 huvudsakligen
970 2178 49 27 att
1049 2185 25 21 s.
1102 2177 33 30 k.
1163 2178 132 39 T-sprit
1323 2179 146 30 ersätter
1496 2180 45 30 bl.
1569 2190 29 20 a.

116 2225 78 29 röd-
209 2226 65 29 och
289 2225 156 40 blåsprit.
462 2227 186 39 T-spriten,
666 2237 74 20 som
757 2229 37 28 är
810 2229 154 39 ofärgad,
981 2230 114 30 består
1111 2240 43 20 av
1169 2231 235 41 95-procentig
1420 2233 179 30 cellulosa-

117 2278 139 40 råsprit,
282 2279 232 31 denaturerad
541 2281 77 29 med
645 2281 40 30 20
711 2282 47 29 ml
785 2283 283 40 metyletylketon
1095 2285 64 29 och
1185 2284 41 31 30
1252 2286 46 29 ml
1326 2287 274 40 metylisobutyl-

116 2333 105 29 keton
242 2333 53 29 för
314 2333 55 39 kg.

161 2386 195 31 Cirkuläret
375 2387 192 31 innehåller
586 2388 117 30 vidare
722 2389 43 29 bl.
785 2399 29 20 a.
835 2389 155 40 följande
1010 2391 224 40 anvisningar
1253 2394 64 28 och
1337 2395 261 39 upplysningar.

162 2440 65 29 Till
246 2440 325 31 starkdenaturerad
590 2442 84 37 sprit
691 2442 144 31 hänförs
851 2443 140 38 T-sprit,
1007 2444 295 39 karburatorsprit
1320 2448 63 29 och
1400 2448 197 38 kylarsprit.

150 2514 16 24 1
204 2511 113 31 Bihang
336 2512 47 24 till
399 2511 170 31 riksdagens
586 2512 147 31 protokoll
752 2513 75 24 1968.
845 2514 15 24 7
878 2514 84 24 saml.
978 2515 40 23 Nr
1039 2518 30 22 21
