1874 2810
267 122 40 30 26
621 123 404 40 Bevillningsutskottets
1052 125 219 31 betänkande
1295 135 44 19 nr
1363 126 51 30 47.

269 207 137 30 kunnat
427 208 175 30 utformas
624 208 47 34 så,
697 211 50 28 att
771 209 296 31 skattelättnaden
1089 211 38 29 så
1148 212 84 29 nära
1257 221 75 20 som
1353 212 137 39 möjligt
1513 215 191 29 motsvarat
1727 224 42 20 en

269 258 553 40 konsumtionsskattesänkning.
847 259 13 29 I
883 260 69 30 viss
976 261 83 29 mån
1085 260 111 31 skulle
1221 262 95 29 detta
1340 262 46 30 ha
1408 263 137 30 kunnat
1569 264 125 30 vinnas
1717 273 54 30 ge-

270 316 84 21 nom
374 309 49 29 att
443 308 173 39 begränsa
636 309 56 30 det
713 309 281 41 inkomstbelopp
1017 310 55 30 för
1093 310 106 31 vilket
1223 312 250 30 skattelättnad
1495 314 194 38 medgivits,
1712 314 58 29 Ett

271 359 124 29 sådant
421 359 132 39 förslag
578 360 70 29 kan
673 359 193 30 emellertid
890 360 75 29 icke
992 361 24 29 f.
1042 370 33 20 n.
1102 362 100 38 göras
1231 361 54 30 till
1311 362 146 30 föremål
1483 363 56 29 för
1562 364 207 39 riksdagens

269 409 181 39 prövning.
471 409 13 29 I
505 410 115 29 denna
643 409 167 30 situation
831 419 81 21 anse
933 411 33 29 vi
987 419 57 21 oss
1064 411 84 30 böra
1168 411 144 31 förorda
1332 421 42 20 en
1396 413 175 39 sänkning
1592 414 51 29 till
1665 414 41 28 90
1728 424 42 20 av

270 460 394 39 uttagningsprocenten
692 460 55 29 för
776 460 297 30 inkomstskatten
1102 461 54 29 för
1185 462 111 30 andra
1323 462 136 30 hälften
1487 473 42 20 av
1557 464 212 30 kommande

270 507 179 40 budgetår.
478 508 124 30 Denna
633 509 174 39 sänkning
836 518 42 20 av
906 510 238 34 statsskatten,
1174 510 62 29 bör
1266 510 189 39 självfallet
1483 521 105 20 anses
1617 522 82 20 vara
1729 523 44 19 av

269 560 214 39 provisorisk
503 561 169 29 karaktär
693 561 11 29 i
725 561 174 30 avvaktan
919 561 44 40 på
984 562 42 29 de
1046 562 131 39 förslag
1198 571 75 21 som
1295 563 121 30 kunna
1437 563 181 31 förväntas
1637 574 44 20 av
1702 565 67 29 den

269 619 49 20 nu
334 610 146 31 tillsatta
497 610 359 40 skatteutredningen.

314 660 74 30 Den
408 670 43 21 av
470 670 58 21 oss
549 661 198 39 föreslagna
769 661 219 39 sänkningen
1012 671 43 20 av
1075 662 394 40 uttagningsprocenten
1492 664 98 29 torde
1609 664 160 30 medföra

269 720 44 20 en
331 711 204 39 minskning
554 721 42 20 av
615 712 226 29 statsverkets
860 712 193 29 inkomster
1072 712 54 29 för
1144 711 70 31 helt
1235 712 39 30 år
1291 713 128 30 räknat
1435 714 81 29 med
1533 714 235 39 sammanlagt

272 759 62 30 140
350 759 163 39 miljoner
528 760 142 29 kronor.
686 760 68 29 För
769 760 203 38 budgetåret
991 759 147 33 1949/50
1155 761 98 30 torde
1271 761 191 30 emellertid
1480 762 291 30 inkomstminsk-

269 809 130 40 ningen
420 810 75 30 icke
517 810 117 40 uppgå
654 810 51 29 till
728 810 82 30 fullt
831 810 41 30 50
893 810 165 39 miljoner
1079 811 129 29 kronor
1229 811 47 39 på
1298 812 112 38 grund
1433 821 42 20 av
1496 814 50 29 att
1568 813 122 29 endast
1712 813 58 29 två

270 859 315 40 skatteuppbörder
619 861 78 29 med
732 861 68 29 den
835 860 92 39 lägre
962 861 394 39 uttagningsprocenten
1391 861 124 30 infalla
1539 862 111 30 under
1674 862 97 30 förra

268 911 136 30 hälften
433 921 42 21 av
501 911 244 31 kalenderåret
777 911 93 30 1950.
899 912 74 29 Den
1003 912 204 40 minskning
1236 922 43 21 av
1307 913 354 39 budgetöverskottet,
1693 923 75 20 som

269 961 148 31 sålunda
435 962 148 40 uppstår
601 970 123 31 genom
744 962 219 39 sänkningen
979 972 44 21 av
1042 963 403 39 uttagningsprocenten,
1464 963 66 30 blir
1549 963 55 30 för
1626 963 145 39 budget-

268 1011 75 31 året
365 1011 148 35 1949/50
534 1011 276 31 förhållandevis
830 1011 203 39 begränsad.

313 1112 116 30 Under
451 1111 219 40 åberopande
692 1122 42 20 av
755 1113 65 29 vad
845 1111 147 32 sålunda
1012 1112 136 31 anförts
1169 1112 212 34 hemställes,

622 1211 44 32 A)
695 1214 50 28 att
772 1212 185 39 riksdagen
983 1229 44 3 —
1053 1213 79 30 med
1158 1212 226 31 förklarande
1412 1215 49 28 att
1488 1212 126 39 Kungl.
1644 1212 124 39 Maj:ts

578 1261 228 30 förevarande
831 1261 213 40 proposition
1070 1271 41 19 nr
1137 1261 58 29 181
1222 1262 76 31 icke
1322 1262 136 30 kunnat
1483 1261 213 30 oförändrad
1720 1261 51 29 bi-

577 1312 102 31 fallas
703 1330 45 2 —
772 1313 108 30 måtte
905 1312 146 35 besluta,
1077 1315 50 28 att
1153 1313 118 39 statlig
1299 1313 253 30 inkomstskatt
1578 1313 55 29 för
1659 1313 108 30 skatt-

578 1362 167 40 skyldiga,
769 1372 78 20 som
870 1371 99 22 avses
995 1364 10 29 i
1034 1362 39 30 10
1102 1363 15 36 $
1147 1363 13 29 1
1190 1373 106 20 mom.
1323 1363 250 39 förordningen
1598 1372 58 20 om
1681 1364 87 28 stat-

576 1413 47 39 lig
653 1414 262 33 inkomstskatt,
948 1414 89 30 skall
1069 1414 80 38 ingå
1179 1414 10 29 i
1221 1413 204 40 preliminär
1458 1413 94 30 skatt
1583 1413 55 29 för
1669 1412 97 30 förra

576 1463 134 29 hälften
735 1472 42 21 av
801 1462 203 39 budgetåret
1033 1462 148 35 1949/50
1210 1463 79 29 med
1317 1462 61 29 100
1403 1465 142 37 procent
1572 1472 42 20 av
1639 1462 128 39 grund-

576 1513 158 40 beloppet
756 1514 64 29 och
841 1513 54 29 för
917 1522 121 21 senare
1058 1513 135 30 hälften
1215 1523 43 20 av
1276 1522 137 21 samma
1434 1512 169 39 budgetår
1624 1513 79 29 med
1724 1511 41 29 90

577 1566 142 38 procent
748 1573 43 20 av
819 1563 274 40 grundbeloppet
1123 1565 89 28 samt
1240 1565 52 28 att
1322 1563 41 29 de
1392 1562 223 39 likalydande
1644 1562 123 29 motio-

575 1623 108 21 nerna
708 1614 28 29 I:
754 1613 63 30 298
843 1614 64 28 och
931 1613 45 29 II:
993 1612 74 35 379,
1092 1613 11 30 i
1128 1613 65 30 vad
1217 1612 221 30 motionerna
1462 1620 80 22 avse
1573 1612 192 39 skattepro-

576 1664 133 32 centen,
738 1662 109 30 måtte
874 1670 100 21 anses
1002 1661 188 29 besvarade
1218 1668 125 31 genom
1381 1660 66 30 vad
1486 1660 148 30 sålunda
1674 1659 96 29 hem-

577 1713 127 35 ställts;

619 1814 42 32 B)
689 1817 49 28 att
763 1814 186 40 riksdagen
972 1815 109 30 måtte
1103 1832 44 3 —
1167 1833 45 2 —
1232 1832 45 4 —
1310 1814 57 34 (=
1392 1816 169 29 utskottet
1583 1824 28 20 s.
1639 1813 38 30 18
1702 1814 62 30 rad

576 1863 146 30 l15—rad
745 1864 37 28 11
804 1863 178 34 nedifrån)
1006 1881 45 3 —
1067 1881 44 3 —
1128 1881 43 3 ——
1190 1864 81 29 halv
1291 1863 174 40 promille;
1488 1864 90 28 samt

619 1965 41 32 C)
698 1966 49 29 att
782 1964 277 41 bevillningarna
1091 1966 55 30 för
1181 1967 204 39 budgetåret
1411 1968 147 32 1949/50
1581 1969 107 31 måtte
1711 1969 56 29 be-

573 2016 129 30 räknas
727 2016 163 30 sålunda:

768 2100 6 6 .
1298 2070 107 23 Kronor
1560 2070 108 24 Kronor

574 2099 98 30 Skatt
710 2100 19 30 å
766 2101 165 35 inkomst,
969 2101 198 40 förmögen-

617 2149 58 31 het
703 2150 65 30 och
797 2151 142 30 rörelse:

616 2199 207 32 Preliminär
850 2201 91 31 skatt
964 2202 21 30 å
1008 2202 157 30 inkomst

663 2251 64 29 och
760 2250 244 40 förmögenhet
1037 2261 46 21 m.
1116 2261 45 21 m.
1187 2253 18 29 2
1223 2252 62 30 150
1300 2252 63 30 000
1377 2253 63 30 000

618 2300 247 40 Kupongskatt
904 2324 251 7 ............
1264 2302 19 30 6
1298 2302 63 30 000
1376 2302 62 31 000

613 2367 44 3 —
678 2367 44 4 —
743 2368 44 3 —
817 2350 230 33 (—utskottet
1073 2362 25 21 s.
1124 2352 40 29 18

657 2402 63 29 rad
769 2400 20 30 4
837 2402 236 30 nedifrån—s.
1124 2402 39 30 19

659 2452 61 29 rad
743 2450 19 30 8
786 2450 182 40 uppifrån)
994 2469 44 3 —
1059 2469 44 3 —
1122 2470 44 2 —
