2168 2626
376 179 118 32 Andra
518 179 199 31 kammarens
740 178 139 32 andra
904 177 171 41 tillfälliga
1098 176 135 32 utskotts
1255 175 169 32 utlåtande
1448 175 52 32 Nr
1523 176 52 31 20.
1735 174 40 32 15

178 261 145 33 Hamrin
348 259 224 42 överklagade
596 259 73 32 icke
692 259 125 32 domen
842 258 10 31 i
877 258 113 32 denna
1015 258 53 32 del
1094 257 60 31 hos
1178 257 189 38 hovrätten,
1393 255 60 32 där
1477 255 68 32 han
1566 254 119 32 endast
1701 254 74 32 full-

178 307 106 42 följde
320 306 52 32 sin
407 304 109 33 under
551 305 217 41 rättegången
805 302 222 40 framställda,
1064 313 42 20 av
1143 302 237 31 rådhusrätten
1405 299 162 34 avvisade
1591 299 90 33 talan
1707 302 70 29 mot

180 352 229 32 ledamöterna
433 350 11 31 i
468 349 150 41 bolagets
643 350 138 41 styrelse
806 350 53 30 för
883 347 257 33 ärekränkande
1165 349 63 30 och
1252 347 149 41 smädigt
1417 346 169 32 skrivsätt.
1624 344 152 33 Rådhus-

179 400 126 30 rättens
340 396 80 32 dom
455 394 203 33 fastställdes
693 405 43 22 av
760 394 189 32 hovrätten.
999 392 15 32 I
1038 392 85 42 följd
1149 402 43 22 av
1216 391 163 32 Hamrins
1403 390 160 33 frånfälle
1588 388 188 43 fullföljdes

180 443 29 42 ej
235 442 244 41 rättengången
506 439 124 33 vidare.

312 486 212 32 Motionären
559 485 97 32 anför
691 484 115 32 vidare
845 483 153 40 »bolaget
1032 482 108 33 Vasas
1173 482 92 32 avtal
1296 481 77 32 med
1398 481 56 32 det
1478 479 130 33 danska
1636 479 140 43 »>Tryg>,

180 532 104 33 vilket
319 531 85 32 hade
439 529 52 32 till
525 529 96 42 följd,
658 531 48 30 att
741 540 41 20 en
818 528 87 32 enda
941 527 160 33 utländsk
1125 537 80 22 man
1230 525 113 34 kunde
1369 527 111 31 såsom
1505 525 206 32 innehavare
1735 535 43 22 av

180 576 263 42 aktiemajoritet
467 575 10 31 i
502 573 107 33 Vasas
634 573 320 42 förlagsaktiebolag
979 573 70 32 helt
1072 572 189 43 bestämma
1285 576 81 27 över
1390 570 93 33 detta
1506 569 272 41 livförsäkrings-

183 623 129 42 bolag».
359 619 154 33 Härmed
545 619 160 32 förhåller
730 619 51 41 sig
805 620 44 40 på
872 618 153 42 följande
1050 620 74 30 sätt.
1173 618 47 30 Ar
1247 617 95 38 1904,
1368 616 105 32 innan
1498 615 92 32 Vasa
1613 615 64 32 fått
1700 614 78 32 kon-

181 669 128 31 cession
335 666 106 40 enligt
468 665 84 31 1903
577 665 53 30 års
654 663 277 42 försäkringslag,
957 663 140 41 inköpte
1121 662 56 32 det
1203 662 130 31 danska
1358 661 92 41 Tryg
1474 660 63 32 501
1563 670 42 22 av
1623 660 41 31 de
1683 659 96 39 1,000

182 713 150 31 aktierna
368 712 9 30 i
415 709 107 33 Vasas
558 708 318 43 förlagsaktiebolag
912 708 64 33 och
1012 707 62 33 slöt
1110 706 176 42 samtidigt
1309 707 56 31 det
1389 705 91 33 avtal
1505 705 77 32 med
1607 704 101 41 Vasa,
1732 707 48 29 att

182 758 90 41 Tryg
308 759 139 36 övertog
482 754 11 31 i
529 754 263 41 återförsäkring
827 753 77 32 hela
928 753 108 32 Vasas
1060 750 366 43 försäkringsbestånd.
1474 750 53 32 Då
1551 749 133 42 bolaget
1709 749 70 32 där-

182 803 84 32 efter
289 801 119 32 trädde
432 800 10 31 i
467 799 277 41 underhandling
768 798 79 32 med
871 796 449 43 förgäkringsinapektionen
1345 807 57 21 om
1426 795 196 32 erhållande
1642 805 42 22 av
1701 795 77 31 kon-

182 848 128 31 cession
335 845 106 41 enligt
465 844 151 32 nämnda
639 843 278 41 försäkringslag,
939 844 83 30 fann
1041 843 51 40 sig
1107 840 452 42 försäkringsinspektionen
1576 840 72 32 icke
1664 839 116 32 kunna

183 891 166 43 tillstyrka
381 890 244 32 koncessionen
660 889 103 31 bland
796 891 105 28 annat
925 888 11 31 i
960 887 86 42 följd
1072 898 41 21 av
1139 886 57 32 det
1220 886 177 38 beroende,
1423 886 72 31 vari
1521 885 90 32 Vasa
1636 884 143 32 sålunda

182 938 96 31 råkat
312 936 108 31 under
454 934 56 32 det
541 934 129 32 danska
696 933 140 41 bolaget.
884 933 212 32 Koncession
1122 930 121 34 erhölls
1268 933 37 30 år
1331 932 95 37 1907,
1451 932 85 30 först
1561 929 103 33 sedan
1689 928 91 42 Tryg

183 982 200 32 återlämnat
419 980 161 37 aktierna,
617 981 76 39 nytt
728 978 262 41 garantikapital
1025 988 42 21 av
1106 977 141 38 100,000
1279 976 123 32 kronor
1426 974 158 33 inbetalts
1608 985 43 22 av
1675 974 105 32 andra

184 1027 62 32 och
281 1024 409 42 återförsäkringsavtalet
725 1022 78 33 med
838 1022 92 42 Tryg
966 1022 136 32 ändrats
1140 1021 141 39 därhän,
1317 1023 49 30 att
1399 1020 91 33 Vasa
1514 1018 266 34 återförsäkrade

183 1072 119 32 endast
326 1071 69 31 viss
421 1069 169 32 excedent.
639 1069 100 31 Detta
763 1078 116 22 senare
904 1067 89 33 avtal
1020 1066 237 33 annullerades
1281 1067 37 30 år
1345 1066 95 38 1910,
1467 1066 36 31 så
1527 1067 49 30 att
1600 1064 90 32 Vasa
1707 1064 71 31 där-

184 1119 84 30 efter
303 1115 73 32 icke
399 1115 76 31 haft
499 1116 113 39 någon
637 1113 195 42 skyldighet
856 1116 48 28 att
928 1112 114 32 lämna
1066 1111 189 41 någonting
1278 1111 11 30 i
1314 1110 265 41 återförsäkring
1603 1108 50 33 till
1676 1109 102 41 Tryg.

184 1162 79 32 Som
288 1171 42 22 av
355 1160 113 31 denna
493 1159 208 41 redogörelse
725 1159 160 39 framgår,
912 1162 37 27 är
973 1157 55 32 det
1052 1156 96 32 alltså
1173 1159 36 30 så
1233 1156 95 38 långt
1351 1156 91 31 ifrån
1467 1157 48 29 att
1533 1153 95 34 fallet
1644 1153 135 33 Vasa—

184 1207 90 41 Tryg
299 1206 66 31 kan
391 1205 136 31 anföras
551 1214 72 21 som
647 1203 95 33 bevis
766 1204 54 31 för
844 1204 48 30 att
915 1201 312 40 försäkringslagen
1253 1200 63 32 och
1333 1199 447 42 försäkringsinspektionen

186 1253 85 31 varit
306 1254 82 28 utan
429 1248 170 42 betydelse
634 1249 52 30 för
716 1247 339 32 missförhållandens
1079 1245 269 41 undanröjande,
1374 1248 48 28 att
1446 1245 55 31 det
1524 1243 174 33 fasthellre
1723 1253 59 22 var

185 1298 43 40 på
263 1295 110 41 grund
407 1304 43 22 av
486 1294 115 40 lagens
636 1293 163 31 tillkomst
835 1292 64 31 och
932 1290 466 42 försäkringsinspektionens
1423 1288 129 42 åtgärd,
1578 1299 72 21 som
1676 1288 106 34 Vasas

184 1340 167 33 beroende
376 1349 42 22 av
440 1338 94 42 'Tryg
558 1337 128 33 hävdes
711 1337 63 32 och
799 1337 197 40 därigenom
1022 1335 177 42 möjlighet
1223 1334 163 33 bereddes
1411 1335 53 31 för
1487 1333 93 33 Vasa
1603 1336 48 29 att
1668 1333 113 32 arbeta

186 1386 50 41 sig
260 1396 40 21 ur
324 1383 254 42 svårigheterna
602 1383 63 31 och
690 1384 138 30 komma
851 1381 50 32 till
927 1381 51 31 sin
1003 1380 199 32 nuvarande
1227 1379 169 41 ställning.

317 1429 16 31 I
356 1430 99 39 fråga
479 1439 53 21 om
558 1428 40 31 de
616 1427 274 41 anmärkningar,
909 1436 72 22 som
999 1425 105 42 gjorts
1122 1427 70 29 mot
1209 1424 153 33 Svenska
1378 1422 402 43 livförsäkringsbolaget,

186 1475 69 33 dels
290 1475 11 31 i
336 1474 154 32 Ekmans
526 1472 240 33 ovannämnda
803 1472 138 37 motion,
967 1470 69 32 dels
1061 1471 10 31 i
1096 1470 191 32 advokaten
1313 1469 79 32 Olof
1416 1468 181 33 Karlssons
1621 1467 160 32 anmälan

186 1521 48 31 till
268 1519 195 41 Konungen
499 1518 65 31 den
600 1518 42 31 26
678 1517 67 42 maj
785 1518 95 37 1919,
910 1516 62 31 har
996 1514 449 42 försäkringsinspektionen
1470 1514 85 31 efter
1578 1512 204 33 verkställda

185 1565 294 40 undersökningar
512 1563 120 31 uttalat
663 1562 60 41 sig,
749 1561 70 32 dels
843 1562 10 30 i
879 1560 160 32 skrivelee
1064 1559 52 32 till
1140 1560 135 39 bolaget
1299 1560 65 31 den
1392 1561 38 29 11
1457 1558 68 42 maj
1555 1559 95 38 1917,
1676 1558 71 32 dels
1772 1558 10 31 i

185 1610 228 40 underdånigt
449 1607 172 32 utlåtande
656 1607 65 32 den
757 1608 19 30 9
813 1605 192 43 september
1036 1606 94 30 1919.
1179 1604 117 32 Såsom
1322 1605 152 39 framgår
1498 1614 43 22 av
1566 1603 66 31 vad
1658 1603 124 32 försäk-

186 1653 330 43 ringsinspektionen
552 1652 119 33 därvid
706 1654 113 39 yttrat,
856 1661 98 21 anser
988 1649 460 41 försäkringsinspektionen,
1475 1650 47 29 att
1546 1647 102 41 ingen
1673 1657 43 22 av
1740 1647 41 33 de

185 1698 212 33 framställda
421 1697 310 40 anmärkningarna
755 1696 115 31 limna
895 1696 59 40 fog
979 1696 52 30 för
1056 1694 41 32 de
1114 1697 71 28 mot
1201 1693 150 40 bolagets
1368 1692 251 34 verkställande
1636 1692 148 32 direktör

186 1744 129 32 riktade
351 1742 253 42 beskyllningar
639 1743 52 29 för
727 1743 47 28 att
809 1751 43 21 av
887 1739 218 42 egennyttiga
1142 1739 105 32 motiv
1283 1738 88 32 hava
1395 1738 75 31 sökt
1494 1736 199 42 kringskära
1718 1736 65 32 den

186 1788 150 33 enskilda
362 1786 366 41 försäkringstagarens
753 1787 65 29 rätt
842 1787 172 37 gentemot
1037 1783 143 39 bolaget.

319 1832 116 32 Under
470 1833 36 29 år
548 1831 79 31 1919
663 1830 61 32 har
753 1828 448 43 försäkringsinspektionen
1226 1826 174 33 verkställt
1425 1837 41 21 en
1492 1827 9 30 i
1527 1826 101 42 detalj
1655 1825 129 42 gående

187 1878 209 42 granskning
431 1887 42 21 av
510 1875 142 41 bolaget.
700 1874 68 32 Vid
804 1875 200 31 densamma
1041 1873 60 31 har
1125 1872 179 42 ingenting
1328 1872 247 38 framkommit,
1600 1881 73 22 som
1698 1871 86 32 varit

187 1926 101 38 gnat
312 1926 48 27 att
384 1921 106 32 ändra
514 1920 465 40 försäkringsinspektionens
1004 1917 144 33 sålunda
1172 1917 150 31 uttalade
1347 1917 234 41 uppfattning,
1606 1914 80 33 eller
1711 1926 72 21 som

187 1968 84 40 givit
306 1966 185 40 anledning
527 1966 48 31 till
612 1965 105 31 andra
752 1965 189 38 erinringar
967 1968 42 26 än
1035 1962 142 32 rörande
1202 1961 131 32 mindre
1358 1962 129 40 viktiga
1511 1960 151 42 detaljer,
1688 1960 96 32 alltcå

187 2012 185 39 erinringar
407 2021 43 21 av
486 2010 119 31 sådant
641 2010 81 39 slag,
759 2019 71 21 som
856 2008 95 31 alltid
976 2008 100 41 pläga
1099 2006 221 39 förekomma,
1346 2006 50 31 till
1420 2011 105 26 större
1551 2005 77 32 eller
1653 2005 131 31 mindre

187 2056 98 39 antal,
322 2056 57 32 vid
416 2054 94 42 dylik
547 2053 358 42 detaljundersökning
942 2063 41 21 av
1020 2052 153 40 bolagen,
1203 2050 63 32 och
1291 2061 72 21 som
1388 2050 73 32 icke
1486 2049 163 32 innebära
1672 2050 112 40 någon

187 2100 226 40 anmärknivg
437 2102 71 28 mot
532 2098 197 40 ledningens
753 2097 82 42 vilja
859 2098 63 30 och
947 2097 153 39 förmåga
1121 2099 48 28 att
1186 2095 213 40 tillvarataga
1416 2094 368 40 försäkringstagarnas

186 2148 174 31 intressen,

320 2189 210 32 Motionären
556 2187 109 31 stöder
690 2186 184 32 emellertid
900 2186 56 30 sitt
980 2185 83 32 krav
1088 2185 43 40 på
1156 2183 182 42 utredning
1356 2194 54 21 om
1425 2185 126 30 statens
1565 2182 219 41 försäkrings-

188 2234 214 34 verksamhet
437 2233 29 40 ej
505 2232 83 31 blolt
624 2230 77 33 med
737 2231 40 31 de
811 2241 46 20 nu
892 2229 225 32 omförmälda
1143 2228 135 32 bevisen
1304 2230 43 39 på
1371 2227 327 42 försäkringslagens
1722 2226 63 32 och

188 2277 463 43 försäkringsinspektionens
687 2274 258 42 otillräcklighet
981 2277 48 28 att
1064 2273 122 32 bereda
1224 2273 109 41 skydd
1359 2274 34 30 åt
1417 2272 368 41 försäkringstagarnas
