1888 2848
512 180 111 27 Första
643 179 215 35 lagutskottets
880 178 158 28 utlåtande
1059 178 44 27 Nr
1124 178 46 28 27.
1550 176 37 29 11

96 260 246 30 skrämmande
362 260 94 30 bevis
477 259 54 30 för
551 259 167 30 lättheten
738 261 49 28 att
808 259 109 39 skapa
938 268 43 20 en
1001 257 231 31 vilseledande
1253 255 248 41 pressopinion.
1525 255 64 30 Det
1603 254 101 41 Kungl.
1736 253 58 25 Mu-

97 306 141 35 utskott,
266 306 51 29 till
343 305 106 30 vilket
475 304 178 30 motionen
680 304 177 35 hänsköts,
886 303 204 30 hemställde
1117 303 64 29 hos
1210 302 122 38 Kungl.
1362 300 227 31 Musikaliska
1600 290 56 59 ik.
1689 290 107 60 Akad:s

96 350 211 30 Akademien
327 360 57 20 om
403 359 42 21 en
465 349 193 39 utredning,
678 349 115 29 vilken
813 348 224 30 verkställdes
1056 357 42 20 av
1118 345 230 32 arbetsrådets
1367 345 220 34 ordförande,

96 395 138 30 auditör
261 396 28 29 J.
321 395 140 30 Nordin.
502 395 63 30 Det
594 393 219 39 synnerligen
841 392 169 40 ingående
1038 393 66 29 och
1131 391 241 31 uttömmande
1399 389 188 35 utlåtande,

96 450 75 21 som
194 448 126 30 avgavs
343 449 42 21 av
409 438 197 31 dåvarande
629 448 114 30 preses
766 438 54 31 för
843 437 222 36 Akademien,
1089 436 375 39 hovrättspresidenten
1488 435 37 29 E.
1550 435 37 29 T.

96 485 117 30 Marks
235 495 68 20 von
326 485 250 38 Wirtemberg,
600 483 191 40 ådagalade
814 482 382 39 ovederhäftigheterna
1219 481 11 30 i
1253 482 67 29 alla
1343 481 42 30 de
1408 483 71 27 mot
1503 479 86 31 Stim

95 530 135 30 riktade
253 530 316 39 beskyllningarna.
606 525 95 34 Även
725 529 98 30 dessa
848 528 170 30 motioner
1042 528 168 38 avslogos.

140 575 119 30 Redan
280 575 73 31 året
374 574 108 40 därpå
509 574 110 39 (1929)
648 574 119 39 ingavs
789 572 107 31 likväl
918 583 42 20 en
981 583 47 28 ny
1049 572 133 31 motion
1203 572 11 29 i
1236 571 213 39 Riksdagens
1472 570 188 30 Andra1929
1680 574 46 26 års
1746 583 58 17 mo-

95 621 179 30 kammare
303 620 54 39 (nr
380 620 75 36 330)
485 620 79 30 med
587 620 87 29 krav
697 618 45 40 på
765 618 177 39 åtgärders
965 618 208 39 vidtagande
1197 617 51 30 till
1271 616 251 31 förhindrande
1545 624 43 21 av
1613 608 22 55 =
1664 612 67 24 tion.

94 665 149 39 oskäligt
264 665 196 39 uppdrivna
481 664 152 40 anspråk
654 663 45 40 på
721 664 189 38 ersättning
932 663 51 30 till
1004 663 86 30 Stim
1112 662 79 31 från
1218 661 174 31 »enskilda
1415 669 173 22 samman-

96 711 203 39 slutningar,
328 711 143 38 företag,
500 710 263 39 näringsidkare
791 710 65 29 och
884 709 129 38 dylika,
1043 718 74 20 som
1145 709 106 29 utöva
1278 707 81 30 eller
1386 705 70 31 låta
1483 707 106 28 utöva

96 756 147 30 musik».
275 756 144 30 Pressen
438 755 169 30 anlitades
628 756 86 29 även
734 755 113 29 denna
869 753 89 40 gång
978 752 115 31 såsom
1112 752 178 39 högtalare
1310 751 53 31 för
1383 752 41 29 de
1443 750 146 30 kritiska

95 802 165 29 rösterna.
292 800 115 31 Också
426 801 113 29 denna
557 799 135 31 motion
709 800 77 29 blev
805 799 172 39 avslagen.

140 846 57 30 Att
219 846 246 29 ovannämnda
487 844 171 31 motioner
681 844 86 39 ägde
789 844 84 30 visst
896 843 171 30 samband
1089 843 80 30 med
1190 860 45 4 —
1257 841 109 31 första
1389 840 134 40 gången
1545 857 45 4 —

96 891 105 30 Stims
226 891 163 30 bildande
416 891 65 30 och
507 890 109 30 första
643 889 242 39 uppträdande
911 887 45 41 på
982 888 57 30 det
1065 887 228 31 ekonomiska
1320 885 155 32 området
1505 885 83 30 1924

95 936 67 30 och
185 937 78 29 med
286 954 45 4 —
353 936 110 30 andra
486 936 65 29 och
574 934 110 39 tredje
708 933 133 40 gången
863 951 46 4 —
931 933 250 39 lagändringen
1208 933 93 34 1927,
1326 932 97 29 torde
1446 931 56 29 väl
1525 940 62 20 nu-

95 991 95 20 mera
220 982 172 29 erkännas
421 990 43 20 av
493 989 105 21 envar
627 979 169 30 initierad.
838 977 416 39 Auktorsrättigheternas
1283 975 266 40 exploaterande
1578 975 11 29 i

95 1026 138 39 Sverige
260 1026 139 30 föreföll
426 1035 83 21 vara
537 1025 240 30 chockerande
805 1024 54 30 för
887 1023 235 30 konservativt
1149 1022 187 34 tänkande,
1365 1021 66 30 och
1458 1029 130 30 uppen-

94 1072 78 29 bart
192 1081 70 25 var,
283 1074 49 27 att
352 1071 76 30 icke
448 1080 60 20 ens
528 1071 42 29 de
590 1069 253 39 riksdagsmän,
866 1078 75 21 som
961 1068 237 30 motionerade
1218 1067 51 30 till
1290 1065 138 31 förmån
1448 1065 55 31 för
1524 1074 64 21 ena

95 1116 83 30 eller
194 1117 108 29 andra
320 1124 155 31 gruppen
491 1114 334 35 musikförbrukare,
843 1114 90 29 hade
949 1114 134 37 lyckats
1100 1112 110 30 befria
1228 1112 49 38 sig
1294 1110 80 31 från
1391 1111 66 30 den
1474 1110 115 39 gamla

94 1160 239 40 åskådningen
357 1164 50 27 att
430 1161 231 30 tonsättarens
685 1160 67 29 rätt
775 1162 48 27 att
847 1158 220 30 ekonomiskt
1090 1157 153 39 utnyttja
1267 1157 74 29 sina
1364 1155 224 40 kompositio-

95 1215 61 21 ner
179 1207 62 29 bör
265 1216 83 20 vara
371 1206 183 29 inskränkt
578 1205 52 30 till
653 1205 88 29 hans
765 1203 217 39 möjligheter
1006 1206 49 27 att
1079 1202 76 31 utfå
1179 1201 189 39 ersättning
1392 1210 42 21 av
1457 1200 130 30 musik-

94 1251 231 39 förläggarna.

138 1298 117 31 Under
271 1298 41 30 de
329 1297 47 36 år,
395 1306 75 21 som
487 1295 149 31 därefter
655 1294 80 40 gått,
753 1295 97 30 torde
867 1303 94 21 mera
978 1294 145 29 allmänt
1140 1291 203 32 förståelsen
1360 1291 55 31 för
1432 1291 155 30 auktors-

95 1343 112 29 rätten
231 1343 65 29 och
319 1341 56 30 för
399 1340 102 31 Stims
525 1338 290 40 arbetsuppgifter
840 1339 65 29 och
930 1337 219 30 verksamhet
1173 1337 45 29 ha
1243 1337 138 29 vaknat.
1408 1335 99 30 Detta
1531 1335 56 29 be-

94 1387 92 30 visas
204 1387 44 29 bl.
269 1396 29 20 a.
319 1387 116 34 därav,
456 1388 49 27 att
524 1385 208 29 samarbetet
751 1383 127 30 mellan
898 1383 87 30 Stim
1003 1383 65 29 och
1088 1382 42 30 de
1149 1381 93 31 olika
1263 1382 107 29 större
1389 1379 199 39 föreningar

93 1432 68 30 och
183 1430 363 38 sammanslutningar,
570 1439 75 20 som
667 1431 234 36 representera
924 1427 110 30 skilda
1057 1426 192 39 kategorier
1271 1435 42 21 av
1335 1425 252 30 musikförbru-

94 1478 93 34 kare,
207 1477 72 38 löpt
297 1475 284 38 utomordentligt
599 1472 248 31 friktionsfrilt.

467 1581 187 30 Allmänna
676 1580 205 38 reflexioner
904 1580 99 38 kring
1027 1579 187 30 motionen.

141 1655 182 38 Meningen
348 1654 80 30 med
453 1652 233 31 ovanstående
711 1653 100 29 korta
836 1651 136 30 resumé
998 1651 37 29 är
1060 1650 75 30 icke
1161 1652 48 27 att
1236 1650 81 38 göra
1344 1648 167 39 gällande,
1539 1650 49 27 att
1600 1653 195 25 Motionärens

95 1700 80 30 herr
204 1700 213 30 Holmbäcks
446 1698 132 30 motion
608 1697 111 30 skulle
747 1706 82 21 vara
859 1706 43 20 av
930 1696 70 29 helt
1030 1704 134 21 samma
1193 1697 103 27 natur
1325 1703 75 21 som
1429 1694 42 29 de
1499 1689 226 33 före-speciella
1763 1692 42 21 ut-

94 1744 142 39 gående.
272 1745 12 29 I
308 1744 83 30 visst
413 1743 168 30 avseende
604 1751 101 30 synes
728 1742 89 30 dock
839 1740 177 31 motionen
1039 1749 82 21 vara
1143 1739 181 30 besläktad
1346 1738 79 30 med
1448 1738 41 30 de
1511 1737 77 30 tidi-
1607 1720 189 60 gångspunkt.

95 1798 89 30 gare.
220 1790 63 29 Det
303 1789 59 29 vill
383 1788 174 38 nämligen
579 1797 105 29 synas
706 1796 74 21 som
801 1796 58 20 om
880 1785 177 31 motionen
1079 1785 213 30 förorsakats
1314 1793 42 20 av
1377 1784 81 29 eller
1479 1782 110 30 skulle

95 1836 65 37 äga
182 1833 83 31 visst
288 1834 170 29 samband
480 1833 88 35 med,
592 1835 51 27 att
665 1832 85 30 Stim
773 1831 38 30 år
836 1832 83 29 1938
942 1829 107 39 ansåg
1073 1830 50 38 sig
1145 1830 84 29 böra
1252 1828 142 39 utvidga
1417 1828 51 30 sin
1491 1828 97 29 verk-

96 1880 134 29 samhet
257 1879 49 30 till
334 1888 42 21 en
402 1888 48 28 ny
477 1886 109 30 grupp
614 1876 336 31 musikförbrukare:
979 1875 252 30 turisthotellen
1259 1874 65 30 och
1351 1873 236 39 pensionaten.

140 1924 215 30 Motionären
376 1923 184 29 motiverar
581 1922 57 30 sitt
658 1921 129 39 förslag
807 1921 80 29 med
907 1923 49 27 att
977 1920 85 30 Stim
1083 1929 48 20 nu
1152 1919 168 30 utsträckt
1341 1918 75 29 sina
1437 1916 152 40 anspråk

96 1970 87 29 även
210 1969 51 29 till
286 1968 225 39 pensionaten
539 1967 66 29 och
632 1967 67 29 den
726 1964 258 40 genomgående
1011 1964 108 38 linjen
1146 1964 10 29 i
1183 1964 78 29 hela
1287 1964 88 28 hans
1402 1962 186 30 framställ-

97 2014 82 38 ning
206 2014 36 29 är
268 2013 70 38 just
364 2020 181 30 omsorgen
572 2021 58 20 om
656 2010 244 39 pensionatens
926 2009 176 30 intressen.
1144 2009 64 29 Det
1235 2009 37 28 är
1298 2007 188 30 emellertid
1513 2007 76 29 icke

97 2057 104 40 något
223 2059 53 29 för
298 2057 226 39 pensionaten
547 2057 133 37 säreget
702 2058 49 27 att
773 2054 215 31 radiomusik
1010 2054 63 29 där
1096 2053 204 38 offentligen
1323 2052 130 30 utföres
1476 2052 10 29 i
1509 2052 79 29 eko-

96 2103 153 30 nomiskt
266 2102 262 39 vinningssyfte.
559 2101 44 30 Så
622 2102 77 29 sker
716 2101 10 29 i
744 2110 42 20 en
803 2099 269 38 utomordentlig
1090 2098 210 37 omfattning
1318 2097 10 29 i
1346 2099 242 31 restauranter,

95 2148 128 35 kaféer,
248 2147 222 35 konditorier,
495 2147 9 29 i
528 2146 244 30 affärslokaler
795 2145 54 30 för
872 2144 300 30 reklamändamål
1196 2146 61 27 etc.
1283 2142 237 30 Utförandena
1544 2140 45 40 på

96 2193 225 38 pensionaten
348 2190 145 31 framstå
520 2190 57 30 vid
605 2191 100 29 sidan
731 2191 108 28 härav
866 2189 115 30 såsom
1007 2189 135 29 mindre
1169 2188 205 37 betydande.
1415 2187 40 38 Ej
1482 2187 108 29 heller

98 2238 96 29 torde
222 2238 56 29 det
305 2246 82 20 vara
416 2237 129 28 allmän
573 2236 101 36 regel,
704 2238 48 26 att
780 2234 226 39 pensionaten
1034 2232 94 30 hålla
1157 2233 50 38 sig
1236 2233 78 28 med
1342 2232 121 29 enbart
1491 2231 97 29 radio

96 2283 67 28 och
193 2282 75 29 icke
298 2281 229 38 grammofon.
571 2279 234 30 Motionärens
836 2277 279 39 argumentering
1145 2277 175 29 förefaller
1350 2276 120 29 därför
1499 2278 50 27 att
1580 2275 9 29 i

97 2329 91 26 stora
208 2326 94 29 delar
323 2325 41 37 gå
384 2325 58 29 vid
461 2324 99 30 sidan
580 2334 42 19 av
644 2324 116 29 saken.

142 2370 120 30 Ehuru
294 2369 100 30 alltså
425 2368 244 39 pensionatens
702 2366 243 31 förhållanden
977 2366 76 29 icke
1084 2375 103 28 synas
1220 2374 81 20 vara
1334 2374 41 20 av
1408 2363 182 37 väsentligt

98 2415 140 29 intresse
259 2415 53 29 för
332 2414 230 29 bedömandet
583 2423 42 19 av
647 2411 123 39 frågan
791 2411 172 30 huruvida
982 2411 240 37 begagnandet
1243 2419 42 20 av
1306 2409 197 30 författares
1524 2409 65 29 och

96 2459 269 39 kompositörers
387 2459 82 29 verk
492 2458 8 29 i
523 2457 253 38 vinningssyfte
799 2457 86 28 skall
909 2465 80 20 vara
1012 2455 73 30 fritt
1107 2456 80 28 eller
1209 2454 31 38 ej
1263 2454 56 29 vid
1342 2453 173 38 offentligt
1537 2456 51 27 ut-

99 2505 142 30 förande
266 2504 143 29 medelst
435 2503 105 34 radio,
567 2502 59 30 vill
652 2502 86 30 Stim
764 2502 104 29 likväl
893 2500 143 39 bidraga
1062 2500 50 29 till
1137 2503 49 26 att
1211 2499 139 38 skingra
1376 2498 89 30 vissa
1491 2498 97 29 miss-
