1876 2800
495 151 390 31 Jordbruksutskottets
906 150 180 31 utlåtande
1105 160 43 20 nr
1168 150 52 30 30.
1575 149 38 30 15

148 236 392 35 Lantbrukshögskolan
567 236 65 29 och
659 237 130 28 statens
816 234 322 30 lantbruksförsök:
1167 233 446 35 Avkastningsbedömning

103 287 148 30 rörande
273 287 184 29 avelssvin.
481 286 100 30 Detta
604 286 119 37 anslag
747 285 148 30 föreslås
921 285 98 30 skola
1042 284 168 38 uppföras
1232 284 77 29 med
1332 283 203 30 oförändrat
1557 283 55 29 be-

104 338 81 40 lopp
207 347 41 21 av
269 337 42 30 44
326 337 62 30 800
409 338 141 29 kronor.

146 422 392 35 Lantbrukshögskolan
562 422 64 29 och
649 423 130 27 statens
802 420 322 30 lantbruksförsök:
1152 419 125 35 Bidrag
1300 419 53 29 till
1375 418 115 30 lokala
1513 417 99 36 göds-

105 474 114 35 lings-,
244 475 87 27 sort-
357 473 65 29 och
448 472 223 36 ogräsförsök
698 481 44 20 m.
768 481 44 20 m.
839 471 163 37 Anslaget
1028 471 10 29 i
1065 470 98 38 fråga
1190 469 147 30 föreslås
1367 468 141 38 uppfört
1536 468 76 30 med

105 524 206 30 oförändrat
327 523 125 40 belopp
471 533 42 20 av
530 523 41 29 89
586 522 62 30 000
666 523 141 29 kronor.

146 617 392 35 Lantbrukshögskolan
560 617 64 29 och
645 618 130 27 statens
797 615 321 29 lantbruksförsök:
1143 614 126 35 Bidrag
1292 614 53 28 till
1368 613 69 29 fast
1459 613 154 29 försöks-

104 668 220 29 verksamhet
350 668 58 29 vid
433 667 322 29 statsunderstödda
780 666 198 29 lantbruks-
1002 666 64 29 och
1092 664 332 30 lantmannaskolor.
1451 663 163 37 Anslaget

106 727 75 21 som
202 718 55 30 för
277 718 237 30 innevarande
535 717 169 39 budgetår
724 717 39 29 är
784 716 144 39 uppfört
950 716 80 29 med
1054 716 41 29 22
1110 715 63 29 000
1195 715 130 29 kronor
1350 713 148 30 föreslås
1522 713 92 29 oför-

106 770 136 29 ändrat.

147 853 393 35 Lantbrukshögskolan
569 852 64 29 och
660 853 130 27 statens
819 850 322 30 lantbruksförsök:
1171 849 193 30 Kostnader
1390 849 56 29 för
1472 847 143 36 special-

106 905 84 28 kurs
219 904 56 29 för
303 904 201 29 utbildande
530 912 42 20 av
599 902 374 33 maskinkonsulenter,
1002 899 368 40 reservationsanslag.
1401 900 117 29 Under
1548 899 66 30 den

106 955 151 39 angivna
277 954 168 29 rubriken
467 953 148 30 föreslås
637 952 221 40 uppförande
879 961 42 20 av
945 953 48 28 ett
1019 952 77 38 nytt
1119 950 367 39 reservationsanslag.
1511 949 103 29 Detta

108 1005 295 39 sammanhänger
430 1005 79 29 med
536 1004 57 30 det
619 1003 96 30 förut
742 1002 216 31 omnämnda
985 1002 167 38 förslaget
1180 1003 50 27 att
1257 1001 57 29 vid
1345 999 270 39 lantbrukshög-

108 1056 125 30 skolan
265 1056 132 29 inrätta
430 1064 43 20 en
504 1054 151 29 särskild
684 1053 286 30 maskinteknisk
1000 1052 86 38 linje
1120 1052 55 29 för
1206 1051 200 39 utbildning
1436 1059 42 21 av
1508 1049 105 30 bland

107 1107 113 29 andra
241 1106 79 29 dem
349 1115 75 20 som
450 1106 105 28 ämna
579 1105 84 29 söka
686 1104 58 29 vid
771 1103 81 30 1947
879 1103 57 30 års
962 1103 143 38 riksdag
1130 1101 222 40 nyinrättade
1376 1100 238 38 befattningar

108 1157 115 30 såsom
242 1155 371 31 maskinkonsulenter
631 1155 63 29 hos
712 1153 461 39 hushållningssällskapen.
1194 1152 165 39 Anslaget
1379 1160 98 21 avses
1498 1151 55 29 för
1571 1158 43 21 en

108 1207 217 40 specialkurs
350 1216 74 20 som
446 1208 54 27 tar
526 1206 88 29 sikte
637 1205 44 40 på
707 1206 50 28 att
780 1204 136 29 utbilda
938 1211 207 31 agronomer
1168 1202 52 30 till
1244 1201 370 30 maskinkonsulenter

108 1258 91 30 intill
219 1259 79 29 dess
315 1257 280 38 utexaminering
612 1256 80 29 från
710 1256 67 29 den
794 1264 69 30 nya
882 1254 308 29 maskintekniska
1211 1253 112 38 linjen
1341 1253 57 29 vid
1415 1251 200 30 lantbruks-

108 1309 195 39 högskolan
333 1308 70 29 kan
433 1308 70 29 ske.
532 1307 65 29 Vid
624 1307 132 29 kursen
785 1314 102 21 anses
915 1305 85 29 böra
1027 1305 174 37 mottagas
1228 1303 102 39 högst
1361 1303 38 29 15
1429 1302 184 39 deltagare.

109 1360 67 30 För
210 1359 137 29 inträde
379 1358 57 29 vid
469 1358 131 29 kursen
631 1357 117 29 finner
781 1354 388 41 departementschefen
1199 1354 86 29 böra
1316 1353 139 30 fordras
1492 1352 123 38 avlagd

109 1418 327 31 agronomexamen,
455 1408 89 29 dock
560 1409 50 28 att
626 1407 125 28 hinder
767 1406 76 29 icke
859 1406 62 29 bör
939 1406 96 28 möta
1051 1405 55 29 för
1123 1404 126 38 Kungl.
1267 1403 106 39 Maj:t
1390 1404 50 29 att
1456 1402 160 29 meddela

109 1461 142 39 dispens
267 1459 82 30 från
364 1459 115 29 denna
495 1458 155 29 fordran.
669 1456 245 30 Kostnaderna
933 1455 56 29 för
1009 1455 132 29 kursen
1158 1454 46 29 ha
1219 1454 190 29 beräknats
1427 1453 52 29 till
1497 1453 40 29 28
1552 1452 63 29 600

108 1511 131 29 kronor
266 1510 65 29 och
357 1509 156 38 anslaget
541 1508 64 29 har
633 1506 148 30 sålunda
806 1505 199 39 föreslagits
1032 1505 98 29 skola
1155 1506 173 38 upptagas
1354 1504 79 29 med
1462 1503 153 28 nämnda

109 1561 135 40 belopp.

670 1665 387 36 Veterinärhögskolan.

153 1744 390 36 Veterinärhögskolan:
566 1743 223 35 Avlöningar,
810 1740 286 41 förslagsanslag.
1119 1740 103 30 Detta
1246 1739 122 39 anslag
1389 1740 38 28 är
1447 1739 55 29 för
1522 1739 98 28 inne-

110 1797 152 29 varande
285 1795 169 39 budgetår
478 1794 144 40 uppfört
644 1793 79 29 med
747 1793 63 28 899
824 1792 64 29 400
911 1792 141 33 kronor,
1076 1801 106 20 varav
1204 1791 123 39 belöpa
1350 1790 44 40 på
1416 1792 123 38 posten
1562 1799 56 20 av-

112 1848 161 38 löningar
290 1847 53 29 till
362 1846 175 30 ordinarie
556 1844 217 39 tjänstemän
793 1843 60 29 361
871 1843 63 29 600
953 1843 141 33 kronor,
1115 1842 152 29 arvoden
1288 1842 65 28 och
1374 1840 172 30 särskilda
1568 1847 52 20 er-

114 1897 196 39 sättningar
328 1896 39 29 18
381 1896 64 29 400
459 1896 141 32 kronor,
616 1894 205 38 avlöningar
836 1893 52 29 till
904 1893 97 38 övrig
1015 1891 269 30 icke-ordinarie
1300 1891 161 39 personal
1479 1890 64 29 469
1557 1889 64 30 500

113 1949 131 29 kronor
271 1947 65 29 och
362 1946 121 38 rörligt
509 1945 120 38 tillägg
656 1943 119 30 49900
803 1944 141 28 kronor.
973 1942 128 29 Posten
1128 1940 205 39 avlöningar
1361 1940 52 29 till
1446 1938 173 30 ordinarie

112 1998 217 39 tjänstemän
351 1996 147 30 föreslås
520 1995 85 39 höjd
626 1994 79 29 med
730 1994 14 28 1
761 1993 63 29 200
846 1993 131 29 kronor
999 1992 52 29 till
1074 1991 63 30 362
1152 1990 63 30 800
1236 1991 131 29 kronor
1391 1990 52 29 till
1465 1989 90 39 följd
1577 1997 43 20 av

113 2046 438 39 löneklassförändringar.
573 2044 280 38 Arvodesposten
874 2043 64 29 har
959 2042 221 39 uppräknats
1201 2041 80 29 med
1306 2039 94 31 1500
1425 2040 130 29 kronor
1576 2038 45 39 på

115 2099 112 39 grund
246 2108 42 20 av
307 2097 196 38 föreslagen
522 2095 148 39 höjning
690 2104 42 20 av
750 2093 142 31 arvodet
911 2093 53 29 till
985 2092 138 29 läraren
1142 2092 12 29 i
1174 2089 176 32 artificiell
1371 2088 249 31 insemination

111 2149 65 28 och
193 2148 79 29 med
290 2148 19 28 9
324 2147 62 29 000
404 2147 130 28 kronor
551 2145 54 29 för
623 2143 200 30 inrättande
841 2152 41 20 av
898 2151 42 20 en
958 2142 197 37 befattning
1174 2141 115 29 såsom
1307 2140 311 30 arvodesassistent

114 2200 57 29 vid
191 2196 404 39 obstetrisk-bujatriska
615 2195 231 37 avdelningen
866 2194 64 29 och
949 2193 64 28 har
1034 2191 148 30 sålunda
1203 2191 179 38 upptagits
1402 2191 79 28 med
1501 2189 41 29 28
1558 2188 61 29 900

114 2250 141 28 kronor.
277 2246 397 38 Icke-ordinarieposten
694 2245 64 28 har
778 2243 220 38 uppräknats
1019 2242 79 28 med
1120 2241 40 28 29
1176 2240 61 29 000
1259 2241 140 33 kronor,
1421 2238 200 30 huvudsak-

113 2299 90 37 ligen
224 2298 52 28 till
297 2297 91 38 följd
409 2304 41 21 av
471 2295 131 37 förslag
622 2303 56 20 om
699 2292 217 40 inplacering
937 2300 41 20 av
998 2291 70 29 viss
1089 2289 435 30 kollektivavtalsanställd
1545 2297 75 30 per-

114 2348 98 30 sonal
227 2348 20 28 å
262 2347 174 38 löneplan,
452 2354 79 20 men
547 2345 19 28 å
582 2344 109 29 andra
708 2343 100 29 sidan
823 2342 175 28 minskats
1014 2341 77 28 med
1109 2340 40 29 29
1164 2340 63 29 500
1244 2340 129 28 kronor
1389 2339 78 29 med
1483 2339 135 38 hänsyn

113 2399 53 29 till
184 2396 300 37 sehablonmässig
500 2394 224 39 uppräkning
740 2402 42 20 av
799 2393 124 38 posten
940 2391 55 29 för
1012 2390 236 30 innevarande
1265 2389 179 38 budgetår,
1462 2389 51 29 till
1531 2388 89 38 följd

115 2458 105 22 varav
243 2448 114 29 denna
381 2449 77 37 post
481 2445 163 40 uppförts
666 2444 79 29 med
769 2443 63 29 469
848 2443 62 29 000
937 2442 140 29 kronor.
1102 2441 67 28 För
1193 2439 120 39 rörligt
1337 2439 119 39 tillägg
1479 2439 63 29 har
1567 2437 55 29 be-
