<?xml version="1.0" encoding="UTF-8"?>
<alto xmlns="http://www.loc.gov/standards/alto/ns-v3#" xmlns:xlink="http://www.w3.org/1999/xlink" xmlns:xsi="http://www.w3.org/2001/XMLSchema-instance" xsi:schemaLocation="http://www.loc.gov/standards/alto/ns-v3# http://www.loc.gov/alto/v3/alto-3-0.xsd">
	<Description>
		<MeasurementUnit>pixel</MeasurementUnit>
		<sourceImageInformation>
			<fileName>/tmp/tess_shyyhzou_input.PNG</fileName>
		</sourceImageInformation>
		<OCRProcessing ID="OCR_0">
			<ocrProcessingStep>
				<processingSoftware>
					<softwareName>tesseract 5.3.0</softwareName>
				</processingSoftware>
			</ocrProcessingStep>
		</OCRProcessing>
	</Description>
	<Layout>
		<Page WIDTH="1870" HEIGHT="2796" PHYSICAL_IMG_NR="0" ID="page_0">
			<PrintSpace HPOS="0" VPOS="0" WIDTH="1870" HEIGHT="2796">
				<ComposedBlock ID="cblock_0" HPOS="262" VPOS="150" WIDTH="1108" HEIGHT="39">
					<TextBlock ID="block_0" HPOS="262" VPOS="150" WIDTH="1108" HEIGHT="39">
						<TextLine ID="line_0" HPOS="262" VPOS="150" WIDTH="1108" HEIGHT="39">
							<String ID="string_0" HPOS="262" VPOS="150" WIDTH="37" HEIGHT="30" WC="0.96" CONTENT="18"/><SP WIDTH="348" VPOS="150" HPOS="299"/>
							<String ID="string_1" HPOS="647" VPOS="155" WIDTH="389" HEIGHT="32" WC="0.78" CONTENT="Jordbruksutskottets"/><SP WIDTH="21" VPOS="155" HPOS="1036"/>
							<String ID="string_2" HPOS="1057" VPOS="158" WIDTH="179" HEIGHT="31" WC="0.95" CONTENT="utlåtande"/><SP WIDTH="20" VPOS="158" HPOS="1236"/>
							<String ID="string_3" HPOS="1256" VPOS="169" WIDTH="43" HEIGHT="19" WC="0.96" CONTENT="nr"/><SP WIDTH="19" VPOS="169" HPOS="1299"/>
							<String ID="string_4" HPOS="1318" VPOS="160" WIDTH="52" HEIGHT="29" WC="0.95" CONTENT="30."/>
						</TextLine>
					</TextBlock>
				</ComposedBlock>
				<ComposedBlock ID="cblock_1" HPOS="252" VPOS="235" WIDTH="1515" HEIGHT="2202">
					<TextBlock ID="block_1" HPOS="263" VPOS="235" WIDTH="1503" HEIGHT="89">
						<TextLine ID="line_1" HPOS="263" VPOS="235" WIDTH="1503" HEIGHT="51">
							<String ID="string_5" HPOS="263" VPOS="235" WIDTH="305" HEIGHT="40" WC="0.92" CONTENT="brukshögskolan"/><SP WIDTH="26" VPOS="235" HPOS="568"/>
							<String ID="string_6" HPOS="594" VPOS="239" WIDTH="88" HEIGHT="29" WC="0.96" CONTENT="skall"/><SP WIDTH="25" VPOS="239" HPOS="682"/>
							<String ID="string_7" HPOS="707" VPOS="239" WIDTH="80" HEIGHT="31" WC="0.96" CONTENT="från"/><SP WIDTH="26" VPOS="239" HPOS="787"/>
							<String ID="string_8" HPOS="813" VPOS="241" WIDTH="64" HEIGHT="29" WC="0.96" CONTENT="och"/><SP WIDTH="26" VPOS="241" HPOS="877"/>
							<String ID="string_9" HPOS="903" VPOS="242" WIDTH="78" HEIGHT="30" WC="0.96" CONTENT="med"/><SP WIDTH="26" VPOS="242" HPOS="981"/>
							<String ID="string_10" HPOS="1007" VPOS="243" WIDTH="66" HEIGHT="29" WC="0.96" CONTENT="den"/><SP WIDTH="29" VPOS="243" HPOS="1073"/>
							<String ID="string_11" HPOS="1102" VPOS="243" WIDTH="14" HEIGHT="29" WC="0.96" CONTENT="1"/><SP WIDTH="26" VPOS="243" HPOS="1116"/>
							<String ID="string_12" HPOS="1142" VPOS="243" WIDTH="66" HEIGHT="39" WC="0.95" CONTENT="juli"/><SP WIDTH="29" VPOS="243" HPOS="1208"/>
							<String ID="string_13" HPOS="1237" VPOS="243" WIDTH="83" HEIGHT="31" WC="0.96" CONTENT="1949"/><SP WIDTH="24" VPOS="243" HPOS="1320"/>
							<String ID="string_14" HPOS="1344" VPOS="245" WIDTH="149" HEIGHT="30" WC="0.96" CONTENT="inrättas"/><SP WIDTH="25" VPOS="245" HPOS="1493"/>
							<String ID="string_15" HPOS="1518" VPOS="255" WIDTH="42" HEIGHT="20" WC="0.96" CONTENT="en"/><SP WIDTH="26" VPOS="255" HPOS="1560"/>
							<String ID="string_16" HPOS="1586" VPOS="246" WIDTH="180" HEIGHT="40" WC="0.96" CONTENT="professur"/>
						</TextLine>
						<TextLine ID="line_2" HPOS="263" VPOS="285" WIDTH="370" HEIGHT="39">
							<String ID="string_17" HPOS="263" VPOS="285" WIDTH="9" HEIGHT="29" WC="0.95" CONTENT="i"/><SP WIDTH="24" VPOS="285" HPOS="272"/>
							<String ID="string_18" HPOS="296" VPOS="286" WIDTH="337" HEIGHT="38" WC="0.95" CONTENT="nationalekonomi;"/>
						</TextLine>
					</TextBlock>
					<TextBlock ID="block_2" HPOS="262" VPOS="336" WIDTH="1505" HEIGHT="248">
						<TextLine ID="line_3" HPOS="307" VPOS="336" WIDTH="1460" HEIGHT="47">
							<String ID="string_19" HPOS="307" VPOS="336" WIDTH="33" HEIGHT="33" WC="0.82" CONTENT="c)"/><SP WIDTH="32" VPOS="336" HPOS="340"/>
							<String ID="string_20" HPOS="372" VPOS="337" WIDTH="27" HEIGHT="29" WC="0.80" CONTENT="I:"/><SP WIDTH="17" VPOS="337" HPOS="399"/>
							<String ID="string_21" HPOS="416" VPOS="337" WIDTH="63" HEIGHT="30" WC="0.80" CONTENT="312"/><SP WIDTH="22" VPOS="337" HPOS="479"/>
							<String ID="string_22" HPOS="501" VPOS="347" WIDTH="43" HEIGHT="21" WC="0.96" CONTENT="av"/><SP WIDTH="20" VPOS="347" HPOS="544"/>
							<String ID="string_23" HPOS="564" VPOS="339" WIDTH="80" HEIGHT="30" WC="0.93" CONTENT="herr"/><SP WIDTH="20" VPOS="339" HPOS="644"/>
							<String ID="string_24" HPOS="664" VPOS="340" WIDTH="159" HEIGHT="40" WC="0.92" CONTENT="Näsgård"/><SP WIDTH="22" VPOS="340" HPOS="823"/>
							<String ID="string_25" HPOS="845" VPOS="351" WIDTH="44" HEIGHT="20" WC="0.92" CONTENT="m."/><SP WIDTH="22" VPOS="351" HPOS="889"/>
							<String ID="string_26" HPOS="911" VPOS="342" WIDTH="49" HEIGHT="39" WC="0.79" CONTENT="fl.,"/><SP WIDTH="23" VPOS="342" HPOS="960"/>
							<String ID="string_27" HPOS="983" VPOS="342" WIDTH="224" HEIGHT="41" WC="0.95" CONTENT="likalydande"/><SP WIDTH="21" VPOS="342" HPOS="1207"/>
							<String ID="string_28" HPOS="1228" VPOS="345" WIDTH="79" HEIGHT="30" WC="0.96" CONTENT="med"/><SP WIDTH="23" VPOS="345" HPOS="1307"/>
							<String ID="string_29" HPOS="1330" VPOS="345" WIDTH="45" HEIGHT="29" WC="0.52" CONTENT="II:"/><SP WIDTH="17" VPOS="345" HPOS="1375"/>
							<String ID="string_30" HPOS="1392" VPOS="345" WIDTH="61" HEIGHT="30" WC="0.96" CONTENT="487"/><SP WIDTH="24" VPOS="345" HPOS="1453"/>
							<String ID="string_31" HPOS="1477" VPOS="356" WIDTH="42" HEIGHT="20" WC="0.96" CONTENT="av"/><SP WIDTH="22" VPOS="356" HPOS="1519"/>
							<String ID="string_32" HPOS="1541" VPOS="347" WIDTH="80" HEIGHT="29" WC="0.93" CONTENT="herr"/><SP WIDTH="22" VPOS="347" HPOS="1621"/>
							<String ID="string_33" HPOS="1643" VPOS="347" WIDTH="124" HEIGHT="29" WC="0.91" CONTENT="Svens-"/>
						</TextLine>
						<TextLine ID="line_4" HPOS="263" VPOS="388" WIDTH="1504" HEIGHT="49">
							<String ID="string_34" HPOS="263" VPOS="396" WIDTH="62" HEIGHT="19" WC="0.96" CONTENT="son"/><SP WIDTH="29" VPOS="396" HPOS="325"/>
							<String ID="string_35" HPOS="354" VPOS="388" WIDTH="11" HEIGHT="28" WC="0.96" CONTENT="i"/><SP WIDTH="29" VPOS="388" HPOS="365"/>
							<String ID="string_36" HPOS="394" VPOS="388" WIDTH="196" HEIGHT="39" WC="0.93" CONTENT="Stenkyrka"/><SP WIDTH="28" VPOS="388" HPOS="590"/>
							<String ID="string_37" HPOS="618" VPOS="400" WIDTH="44" HEIGHT="19" WC="0.91" CONTENT="m."/><SP WIDTH="28" VPOS="400" HPOS="662"/>
							<String ID="string_38" HPOS="690" VPOS="390" WIDTH="50" HEIGHT="40" WC="0.77" CONTENT="fl.,"/><SP WIDTH="28" VPOS="390" HPOS="740"/>
							<String ID="string_39" HPOS="768" VPOS="393" WIDTH="74" HEIGHT="28" WC="0.93" CONTENT="vari"/><SP WIDTH="28" VPOS="393" HPOS="842"/>
							<String ID="string_40" HPOS="870" VPOS="393" WIDTH="208" HEIGHT="35" WC="0.91" CONTENT="hemställts,"/><SP WIDTH="29" VPOS="393" HPOS="1078"/>
							<String ID="string_41" HPOS="1107" VPOS="396" WIDTH="49" HEIGHT="28" WC="0.96" CONTENT="att"/><SP WIDTH="29" VPOS="396" HPOS="1156"/>
							<String ID="string_42" HPOS="1185" VPOS="395" WIDTH="187" HEIGHT="39" WC="0.96" CONTENT="riksdagen"/><SP WIDTH="28" VPOS="395" HPOS="1372"/>
							<String ID="string_43" HPOS="1400" VPOS="397" WIDTH="78" HEIGHT="29" WC="0.96" CONTENT="med"/><SP WIDTH="30" VPOS="397" HPOS="1478"/>
							<String ID="string_44" HPOS="1508" VPOS="397" WIDTH="189" HEIGHT="40" WC="0.96" CONTENT="anledning"/><SP WIDTH="28" VPOS="397" HPOS="1697"/>
							<String ID="string_45" HPOS="1725" VPOS="408" WIDTH="42" HEIGHT="20" WC="0.96" CONTENT="av"/>
						</TextLine>
						<TextLine ID="line_5" HPOS="263" VPOS="437" WIDTH="1503" HEIGHT="49">
							<String ID="string_46" HPOS="263" VPOS="437" WIDTH="124" HEIGHT="39" WC="0.94" CONTENT="Kungl."/><SP WIDTH="21" VPOS="437" HPOS="387"/>
							<String ID="string_47" HPOS="408" VPOS="439" WIDTH="124" HEIGHT="39" WC="0.96" CONTENT="Maj:ts"/><SP WIDTH="19" VPOS="439" HPOS="532"/>
							<String ID="string_48" HPOS="551" VPOS="441" WIDTH="217" HEIGHT="39" WC="0.96" CONTENT="proposition"/><SP WIDTH="20" VPOS="441" HPOS="768"/>
							<String ID="string_49" HPOS="788" VPOS="452" WIDTH="42" HEIGHT="19" WC="0.96" CONTENT="nr"/><SP WIDTH="24" VPOS="452" HPOS="830"/>
							<String ID="string_50" HPOS="854" VPOS="443" WIDTH="58" HEIGHT="29" WC="0.96" CONTENT="177"/><SP WIDTH="22" VPOS="443" HPOS="912"/>
							<String ID="string_51" HPOS="934" VPOS="444" WIDTH="108" HEIGHT="30" WC="0.96" CONTENT="måtte"/><SP WIDTH="21" VPOS="444" HPOS="1042"/>
							<String ID="string_52" HPOS="1063" VPOS="444" WIDTH="145" HEIGHT="35" WC="0.95" CONTENT="besluta,"/><SP WIDTH="22" VPOS="444" HPOS="1208"/>
							<String ID="string_53" HPOS="1230" VPOS="447" WIDTH="50" HEIGHT="28" WC="0.96" CONTENT="att"/><SP WIDTH="20" VPOS="447" HPOS="1280"/>
							<String ID="string_54" HPOS="1300" VPOS="455" WIDTH="42" HEIGHT="20" WC="0.96" CONTENT="en"/><SP WIDTH="21" VPOS="455" HPOS="1342"/>
							<String ID="string_55" HPOS="1363" VPOS="447" WIDTH="181" HEIGHT="39" WC="0.96" CONTENT="professur"/><SP WIDTH="19" VPOS="447" HPOS="1544"/>
							<String ID="string_56" HPOS="1563" VPOS="448" WIDTH="10" HEIGHT="29" WC="0.93" CONTENT="i"/><SP WIDTH="22" VPOS="448" HPOS="1573"/>
							<String ID="string_57" HPOS="1595" VPOS="448" WIDTH="171" HEIGHT="30" WC="0.92" CONTENT="national-"/>
						</TextLine>
						<TextLine ID="line_6" HPOS="262" VPOS="488" WIDTH="1505" HEIGHT="45">
							<String ID="string_58" HPOS="262" VPOS="488" WIDTH="162" HEIGHT="30" WC="0.96" CONTENT="ekonomi"/><SP WIDTH="25" VPOS="488" HPOS="424"/>
							<String ID="string_59" HPOS="449" VPOS="490" WIDTH="89" HEIGHT="29" WC="0.96" CONTENT="skall"/><SP WIDTH="25" VPOS="490" HPOS="538"/>
							<String ID="string_60" HPOS="563" VPOS="491" WIDTH="148" HEIGHT="31" WC="0.96" CONTENT="inrättas"/><SP WIDTH="24" VPOS="491" HPOS="711"/>
							<String ID="string_61" HPOS="735" VPOS="493" WIDTH="57" HEIGHT="29" WC="0.91" CONTENT="vid"/><SP WIDTH="25" VPOS="493" HPOS="792"/>
							<String ID="string_62" HPOS="817" VPOS="493" WIDTH="392" HEIGHT="40" WC="0.89" CONTENT="lantbrukshögskolan,"/><SP WIDTH="26" VPOS="493" HPOS="1209"/>
							<String ID="string_63" HPOS="1235" VPOS="498" WIDTH="90" HEIGHT="28" WC="0.96" CONTENT="samt"/><SP WIDTH="25" VPOS="498" HPOS="1325"/>
							<String ID="string_64" HPOS="1350" VPOS="497" WIDTH="120" HEIGHT="30" WC="0.96" CONTENT="anvisa"/><SP WIDTH="25" VPOS="497" HPOS="1470"/>
							<String ID="string_65" HPOS="1495" VPOS="498" WIDTH="122" HEIGHT="29" WC="0.93" CONTENT="härför"/><SP WIDTH="24" VPOS="498" HPOS="1617"/>
							<String ID="string_66" HPOS="1641" VPOS="498" WIDTH="126" HEIGHT="30" WC="0.92" CONTENT="behöv-"/>
						</TextLine>
						<TextLine ID="line_7" HPOS="263" VPOS="538" WIDTH="1500" HEIGHT="46">
							<String ID="string_67" HPOS="263" VPOS="538" WIDTH="67" HEIGHT="39" WC="0.96" CONTENT="liga"/><SP WIDTH="25" VPOS="538" HPOS="330"/>
							<String ID="string_68" HPOS="355" VPOS="540" WIDTH="110" HEIGHT="29" WC="0.93" CONTENT="medel"/><SP WIDTH="26" VPOS="540" HPOS="465"/>
							<String ID="string_69" HPOS="491" VPOS="540" WIDTH="20" HEIGHT="30" WC="0.92" CONTENT="å"/><SP WIDTH="24" VPOS="540" HPOS="511"/>
							<String ID="string_70" HPOS="535" VPOS="541" WIDTH="190" HEIGHT="31" WC="0.91" CONTENT="riksstaten"/><SP WIDTH="24" VPOS="541" HPOS="725"/>
							<String ID="string_71" HPOS="749" VPOS="543" WIDTH="56" HEIGHT="30" WC="0.96" CONTENT="för"/><SP WIDTH="24" VPOS="543" HPOS="805"/>
							<String ID="string_72" HPOS="829" VPOS="544" WIDTH="204" HEIGHT="39" WC="0.93" CONTENT="budgetåret"/><SP WIDTH="28" VPOS="544" HPOS="1033"/>
							<String ID="string_73" HPOS="1061" VPOS="545" WIDTH="150" HEIGHT="31" WC="0.92" CONTENT="1948/49"/><SP WIDTH="26" VPOS="545" HPOS="1211"/>
							<String ID="string_74" HPOS="1237" VPOS="547" WIDTH="110" HEIGHT="29" WC="0.96" CONTENT="under"/><SP WIDTH="25" VPOS="547" HPOS="1347"/>
							<String ID="string_75" HPOS="1372" VPOS="547" WIDTH="128" HEIGHT="30" WC="0.93" CONTENT="nionde"/><SP WIDTH="25" VPOS="547" HPOS="1500"/>
							<String ID="string_76" HPOS="1525" VPOS="548" WIDTH="238" HEIGHT="36" WC="0.92" CONTENT="huvudtiteln;"/>
						</TextLine>
					</TextBlock>
					<TextBlock ID="block_3" HPOS="261" VPOS="589" WIDTH="1505" HEIGHT="193">
						<TextLine ID="line_8" HPOS="306" VPOS="589" WIDTH="1460" HEIGHT="48">
							<String ID="string_77" HPOS="306" VPOS="589" WIDTH="38" HEIGHT="33" WC="0.90" CONTENT="d)"/><SP WIDTH="31" VPOS="589" HPOS="344"/>
							<String ID="string_78" HPOS="375" VPOS="590" WIDTH="28" HEIGHT="29" WC="0.52" CONTENT="1:"/><SP WIDTH="17" VPOS="590" HPOS="403"/>
							<String ID="string_79" HPOS="420" VPOS="590" WIDTH="62" HEIGHT="30" WC="0.52" CONTENT="306"/><SP WIDTH="24" VPOS="590" HPOS="482"/>
							<String ID="string_80" HPOS="506" VPOS="601" WIDTH="43" HEIGHT="20" WC="0.96" CONTENT="av"/><SP WIDTH="21" VPOS="601" HPOS="549"/>
							<String ID="string_81" HPOS="570" VPOS="591" WIDTH="81" HEIGHT="30" WC="0.96" CONTENT="herr"/><SP WIDTH="21" VPOS="591" HPOS="651"/>
							<String ID="string_82" HPOS="672" VPOS="592" WIDTH="151" HEIGHT="38" WC="0.96" CONTENT="Nilsson,"/><SP WIDTH="24" VPOS="592" HPOS="823"/>
							<String ID="string_83" HPOS="847" VPOS="594" WIDTH="96" HEIGHT="37" WC="0.96" CONTENT="Bror,"/><SP WIDTH="24" VPOS="594" HPOS="943"/>
							<String ID="string_84" HPOS="967" VPOS="596" WIDTH="75" HEIGHT="29" WC="0.93" CONTENT="vari"/><SP WIDTH="23" VPOS="596" HPOS="1042"/>
							<String ID="string_85" HPOS="1065" VPOS="596" WIDTH="207" HEIGHT="35" WC="0.90" CONTENT="hemställts,"/><SP WIDTH="24" VPOS="596" HPOS="1272"/>
							<String ID="string_86" HPOS="1296" VPOS="599" WIDTH="50" HEIGHT="28" WC="0.96" CONTENT="att"/><SP WIDTH="24" VPOS="599" HPOS="1346"/>
							<String ID="string_87" HPOS="1370" VPOS="598" WIDTH="187" HEIGHT="39" WC="0.96" CONTENT="riksdagen"/><SP WIDTH="22" VPOS="598" HPOS="1557"/>
							<String ID="string_88" HPOS="1579" VPOS="599" WIDTH="108" HEIGHT="30" WC="0.93" CONTENT="måtte"/><SP WIDTH="24" VPOS="599" HPOS="1687"/>
							<String ID="string_89" HPOS="1711" VPOS="599" WIDTH="55" HEIGHT="30" WC="0.91" CONTENT="be-"/>
						</TextLine>
						<TextLine ID="line_9" HPOS="263" VPOS="639" WIDTH="1503" HEIGHT="48">
							<String ID="string_90" HPOS="263" VPOS="639" WIDTH="90" HEIGHT="31" WC="0.96" CONTENT="sluta"/><SP WIDTH="24" VPOS="639" HPOS="353"/>
							<String ID="string_91" HPOS="377" VPOS="642" WIDTH="49" HEIGHT="28" WC="0.96" CONTENT="att"/><SP WIDTH="25" VPOS="642" HPOS="426"/>
							<String ID="string_92" HPOS="451" VPOS="642" WIDTH="82" HEIGHT="38" WC="0.96" CONTENT="göra"/><SP WIDTH="23" VPOS="642" HPOS="533"/>
							<String ID="string_93" HPOS="556" VPOS="642" WIDTH="57" HEIGHT="30" WC="0.96" CONTENT="det"/><SP WIDTH="24" VPOS="642" HPOS="613"/>
							<String ID="string_94" HPOS="637" VPOS="643" WIDTH="206" HEIGHT="35" WC="0.96" CONTENT="uttalandet,"/><SP WIDTH="24" VPOS="643" HPOS="843"/>
							<String ID="string_95" HPOS="867" VPOS="647" WIDTH="50" HEIGHT="28" WC="0.93" CONTENT="att"/><SP WIDTH="23" VPOS="647" HPOS="917"/>
							<String ID="string_96" HPOS="940" VPOS="645" WIDTH="434" HEIGHT="42" WC="0.55" CONTENT="Iaboratorsbefattningar"/><SP WIDTH="24" VPOS="645" HPOS="1374"/>
							<String ID="string_97" HPOS="1398" VPOS="648" WIDTH="55" HEIGHT="30" WC="0.96" CONTENT="vid"/><SP WIDTH="25" VPOS="648" HPOS="1453"/>
							<String ID="string_98" HPOS="1478" VPOS="649" WIDTH="288" HEIGHT="31" WC="0.96" CONTENT="institutionerna"/>
						</TextLine>
						<TextLine ID="line_10" HPOS="261" VPOS="690" WIDTH="1504" HEIGHT="48">
							<String ID="string_99" HPOS="261" VPOS="690" WIDTH="55" HEIGHT="29" WC="0.93" CONTENT="för"/><SP WIDTH="26" VPOS="690" HPOS="316"/>
							<String ID="string_100" HPOS="342" VPOS="690" WIDTH="216" HEIGHT="40" WC="0.91" CONTENT="husdjurens"/><SP WIDTH="27" VPOS="690" HPOS="558"/>
							<String ID="string_101" HPOS="585" VPOS="693" WIDTH="108" HEIGHT="30" WC="0.91" CONTENT="avels-"/><SP WIDTH="25" VPOS="693" HPOS="693"/>
							<String ID="string_102" HPOS="718" VPOS="694" WIDTH="65" HEIGHT="29" WC="0.93" CONTENT="och"/><SP WIDTH="28" VPOS="694" HPOS="783"/>
							<String ID="string_103" HPOS="811" VPOS="695" WIDTH="133" HEIGHT="30" WC="0.91" CONTENT="raslära"/><SP WIDTH="29" VPOS="695" HPOS="944"/>
							<String ID="string_104" HPOS="973" VPOS="699" WIDTH="90" HEIGHT="27" WC="0.93" CONTENT="samt"/><SP WIDTH="28" VPOS="699" HPOS="1063"/>
							<String ID="string_105" HPOS="1091" VPOS="697" WIDTH="215" HEIGHT="39" WC="0.92" CONTENT="husdjurens"/><SP WIDTH="28" VPOS="697" HPOS="1306"/>
							<String ID="string_106" HPOS="1334" VPOS="698" WIDTH="182" HEIGHT="40" WC="0.96" CONTENT="utfodring"/><SP WIDTH="26" VPOS="698" HPOS="1516"/>
							<String ID="string_107" HPOS="1542" VPOS="700" WIDTH="65" HEIGHT="29" WC="0.97" CONTENT="och"/><SP WIDTH="29" VPOS="700" HPOS="1607"/>
							<String ID="string_108" HPOS="1636" VPOS="700" WIDTH="129" HEIGHT="30" WC="0.96" CONTENT="skötsel"/>
						</TextLine>
						<TextLine ID="line_11" HPOS="262" VPOS="742" WIDTH="587" HEIGHT="40">
							<String ID="string_109" HPOS="262" VPOS="743" WIDTH="137" HEIGHT="28" WC="0.96" CONTENT="snarast"/><SP WIDTH="22" VPOS="743" HPOS="399"/>
							<String ID="string_110" HPOS="421" VPOS="742" WIDTH="138" HEIGHT="40" WC="0.96" CONTENT="möjligt"/><SP WIDTH="21" VPOS="742" HPOS="559"/>
							<String ID="string_111" HPOS="580" VPOS="743" WIDTH="83" HEIGHT="31" WC="0.96" CONTENT="böra"/><SP WIDTH="21" VPOS="743" HPOS="663"/>
							<String ID="string_112" HPOS="684" VPOS="744" WIDTH="165" HEIGHT="36" WC="0.96" CONTENT="inrättas;"/>
						</TextLine>
					</TextBlock>
					<TextBlock ID="block_4" HPOS="261" VPOS="790" WIDTH="1505" HEIGHT="297">
						<TextLine ID="line_12" HPOS="306" VPOS="790" WIDTH="1460" HEIGHT="46">
							<String ID="string_113" HPOS="306" VPOS="790" WIDTH="33" HEIGHT="34" WC="0.90" CONTENT="e)"/><SP WIDTH="31" VPOS="790" HPOS="339"/>
							<String ID="string_114" HPOS="370" VPOS="792" WIDTH="28" HEIGHT="29" WC="0.54" CONTENT="I:"/><SP WIDTH="17" VPOS="792" HPOS="398"/>
							<String ID="string_115" HPOS="415" VPOS="791" WIDTH="61" HEIGHT="31" WC="0.54" CONTENT="315"/><SP WIDTH="25" VPOS="791" HPOS="476"/>
							<String ID="string_116" HPOS="501" VPOS="802" WIDTH="43" HEIGHT="21" WC="0.96" CONTENT="av"/><SP WIDTH="21" VPOS="802" HPOS="544"/>
							<String ID="string_117" HPOS="565" VPOS="794" WIDTH="80" HEIGHT="29" WC="0.96" CONTENT="herr"/><SP WIDTH="24" VPOS="794" HPOS="645"/>
							<String ID="string_118" HPOS="669" VPOS="794" WIDTH="129" HEIGHT="31" WC="0.93" CONTENT="Osvald"/><SP WIDTH="23" VPOS="794" HPOS="798"/>
							<String ID="string_119" HPOS="821" VPOS="805" WIDTH="44" HEIGHT="21" WC="0.93" CONTENT="m."/><SP WIDTH="23" VPOS="805" HPOS="865"/>
							<String ID="string_120" HPOS="888" VPOS="795" WIDTH="49" HEIGHT="41" WC="0.91" CONTENT="fl.,"/><SP WIDTH="23" VPOS="795" HPOS="937"/>
							<String ID="string_121" HPOS="960" VPOS="797" WIDTH="224" HEIGHT="39" WC="0.96" CONTENT="likalydande"/><SP WIDTH="23" VPOS="797" HPOS="1184"/>
							<String ID="string_122" HPOS="1207" VPOS="799" WIDTH="79" HEIGHT="30" WC="0.96" CONTENT="med"/><SP WIDTH="23" VPOS="799" HPOS="1286"/>
							<String ID="string_123" HPOS="1309" VPOS="800" WIDTH="46" HEIGHT="28" WC="0.57" CONTENT="II:"/><SP WIDTH="16" VPOS="800" HPOS="1355"/>
							<String ID="string_124" HPOS="1371" VPOS="799" WIDTH="63" HEIGHT="30" WC="0.96" CONTENT="488"/><SP WIDTH="24" VPOS="799" HPOS="1434"/>
							<String ID="string_125" HPOS="1458" VPOS="810" WIDTH="42" HEIGHT="20" WC="0.96" CONTENT="av"/><SP WIDTH="22" VPOS="810" HPOS="1500"/>
							<String ID="string_126" HPOS="1522" VPOS="800" WIDTH="122" HEIGHT="30" WC="0.93" CONTENT="herrar"/><SP WIDTH="23" VPOS="800" HPOS="1644"/>
							<String ID="string_127" HPOS="1667" VPOS="801" WIDTH="99" HEIGHT="30" WC="0.93" CONTENT="Pers-"/>
						</TextLine>
						<TextLine ID="line_13" HPOS="261" VPOS="842" WIDTH="1504" HEIGHT="49">
							<String ID="string_128" HPOS="261" VPOS="850" WIDTH="62" HEIGHT="20" WC="0.95" CONTENT="son"/><SP WIDTH="21" VPOS="850" HPOS="323"/>
							<String ID="string_129" HPOS="344" VPOS="842" WIDTH="11" HEIGHT="29" WC="0.93" CONTENT="i"/><SP WIDTH="20" VPOS="842" HPOS="355"/>
							<String ID="string_130" HPOS="375" VPOS="842" WIDTH="178" HEIGHT="41" WC="0.92" CONTENT="Svensköp"/><SP WIDTH="21" VPOS="842" HPOS="553"/>
							<String ID="string_131" HPOS="574" VPOS="845" WIDTH="64" HEIGHT="29" WC="0.96" CONTENT="och"/><SP WIDTH="20" VPOS="845" HPOS="638"/>
							<String ID="string_132" HPOS="658" VPOS="845" WIDTH="150" HEIGHT="39" WC="0.96" CONTENT="Stjärne,"/><SP WIDTH="22" VPOS="845" HPOS="808"/>
							<String ID="string_133" HPOS="830" VPOS="847" WIDTH="73" HEIGHT="29" WC="0.93" CONTENT="vari"/><SP WIDTH="20" VPOS="847" HPOS="903"/>
							<String ID="string_134" HPOS="923" VPOS="847" WIDTH="208" HEIGHT="35" WC="0.90" CONTENT="hemställts,"/><SP WIDTH="22" VPOS="847" HPOS="1131"/>
							<String ID="string_135" HPOS="1153" VPOS="851" WIDTH="50" HEIGHT="28" WC="0.96" CONTENT="att"/><SP WIDTH="19" VPOS="851" HPOS="1203"/>
							<String ID="string_136" HPOS="1222" VPOS="850" WIDTH="187" HEIGHT="39" WC="0.95" CONTENT="riksdagen"/><SP WIDTH="21" VPOS="850" HPOS="1409"/>
							<String ID="string_137" HPOS="1430" VPOS="850" WIDTH="57" HEIGHT="30" WC="0.96" CONTENT="vid"/><SP WIDTH="20" VPOS="850" HPOS="1487"/>
							<String ID="string_138" HPOS="1507" VPOS="851" WIDTH="258" HEIGHT="40" WC="0.96" CONTENT="behandlingen"/>
						</TextLine>
						<TextLine ID="line_14" HPOS="261" VPOS="892" WIDTH="1504" HEIGHT="49">
							<String ID="string_139" HPOS="261" VPOS="901" WIDTH="42" HEIGHT="21" WC="0.96" CONTENT="av"/><SP WIDTH="20" VPOS="901" HPOS="303"/>
							<String ID="string_140" HPOS="323" VPOS="892" WIDTH="124" HEIGHT="40" WC="0.95" CONTENT="Kungl."/><SP WIDTH="23" VPOS="892" HPOS="447"/>
							<String ID="string_141" HPOS="470" VPOS="894" WIDTH="125" HEIGHT="39" WC="0.96" CONTENT="Maj:ts"/><SP WIDTH="20" VPOS="894" HPOS="595"/>
							<String ID="string_142" HPOS="615" VPOS="896" WIDTH="217" HEIGHT="39" WC="0.96" CONTENT="proposition"/><SP WIDTH="21" VPOS="896" HPOS="832"/>
							<String ID="string_143" HPOS="853" VPOS="907" WIDTH="41" HEIGHT="19" WC="0.96" CONTENT="nr"/><SP WIDTH="24" VPOS="907" HPOS="894"/>
							<String ID="string_144" HPOS="918" VPOS="898" WIDTH="58" HEIGHT="29" WC="0.96" CONTENT="177"/><SP WIDTH="24" VPOS="898" HPOS="976"/>
							<String ID="string_145" HPOS="1000" VPOS="898" WIDTH="108" HEIGHT="31" WC="0.96" CONTENT="måtte"/><SP WIDTH="21" VPOS="898" HPOS="1108"/>
							<String ID="string_146" HPOS="1129" VPOS="899" WIDTH="136" HEIGHT="30" WC="0.97" CONTENT="besluta"/><SP WIDTH="21" VPOS="899" HPOS="1265"/>
							<String ID="string_147" HPOS="1286" VPOS="902" WIDTH="50" HEIGHT="27" WC="0.95" CONTENT="att"/><SP WIDTH="21" VPOS="902" HPOS="1336"/>
							<String ID="string_148" HPOS="1357" VPOS="900" WIDTH="408" HEIGHT="41" WC="0.90" CONTENT="laboratorsbefattning-"/>
						</TextLine>
						<TextLine ID="line_15" HPOS="261" VPOS="943" WIDTH="1504" HEIGHT="47">
							<String ID="string_149" HPOS="261" VPOS="952" WIDTH="38" HEIGHT="20" WC="0.96" CONTENT="ar"/><SP WIDTH="19" VPOS="952" HPOS="299"/>
							<String ID="string_150" HPOS="318" VPOS="943" WIDTH="98" HEIGHT="30" WC="0.96" CONTENT="skola"/><SP WIDTH="17" VPOS="943" HPOS="416"/>
							<String ID="string_151" HPOS="433" VPOS="944" WIDTH="150" HEIGHT="31" WC="0.96" CONTENT="inrättas"/><SP WIDTH="18" VPOS="944" HPOS="583"/>
							<String ID="string_152" HPOS="601" VPOS="945" WIDTH="43" HEIGHT="30" WC="0.92" CONTENT="fr."/><SP WIDTH="19" VPOS="945" HPOS="644"/>
							<String ID="string_153" HPOS="663" VPOS="955" WIDTH="29" HEIGHT="22" WC="0.76" CONTENT="o."/><SP WIDTH="19" VPOS="955" HPOS="692"/>
							<String ID="string_154" HPOS="711" VPOS="956" WIDTH="45" HEIGHT="20" WC="0.92" CONTENT="m."/><SP WIDTH="20" VPOS="956" HPOS="756"/>
							<String ID="string_155" HPOS="776" VPOS="947" WIDTH="204" HEIGHT="39" WC="0.93" CONTENT="budgetåret"/><SP WIDTH="21" VPOS="947" HPOS="980"/>
							<String ID="string_156" HPOS="1001" VPOS="948" WIDTH="150" HEIGHT="36" WC="0.93" CONTENT="1949/50"/><SP WIDTH="19" VPOS="948" HPOS="1151"/>
							<String ID="string_157" HPOS="1170" VPOS="950" WIDTH="56" HEIGHT="29" WC="0.93" CONTENT="vid"/><SP WIDTH="19" VPOS="950" HPOS="1226"/>
							<String ID="string_158" HPOS="1245" VPOS="950" WIDTH="402" HEIGHT="40" WC="0.90" CONTENT="lantbrukshögskolans"/><SP WIDTH="19" VPOS="950" HPOS="1647"/>
							<String ID="string_159" HPOS="1666" VPOS="952" WIDTH="99" HEIGHT="30" WC="0.92" CONTENT="insti-"/>
						</TextLine>
						<TextLine ID="line_16" HPOS="261" VPOS="993" WIDTH="1503" HEIGHT="47">
							<String ID="string_160" HPOS="261" VPOS="993" WIDTH="152" HEIGHT="30" WC="0.91" CONTENT="tutioner"/><SP WIDTH="24" VPOS="993" HPOS="413"/>
							<String ID="string_161" HPOS="437" VPOS="994" WIDTH="55" HEIGHT="30" WC="0.93" CONTENT="för"/><SP WIDTH="25" VPOS="994" HPOS="492"/>
							<String ID="string_162" HPOS="517" VPOS="995" WIDTH="216" HEIGHT="40" WC="0.92" CONTENT="husdjurens"/><SP WIDTH="26" VPOS="995" HPOS="733"/>
							<String ID="string_163" HPOS="759" VPOS="998" WIDTH="156" HEIGHT="29" WC="0.96" CONTENT="anatomi"/><SP WIDTH="25" VPOS="998" HPOS="915"/>
							<String ID="string_164" HPOS="940" VPOS="999" WIDTH="65" HEIGHT="29" WC="0.96" CONTENT="och"/><SP WIDTH="25" VPOS="999" HPOS="1005"/>
							<String ID="string_165" HPOS="1030" VPOS="998" WIDTH="172" HEIGHT="40" WC="0.93" CONTENT="fysiologi,"/><SP WIDTH="27" VPOS="998" HPOS="1202"/>
							<String ID="string_166" HPOS="1229" VPOS="1000" WIDTH="215" HEIGHT="40" WC="0.91" CONTENT="husdjurens"/><SP WIDTH="26" VPOS="1000" HPOS="1444"/>
							<String ID="string_167" HPOS="1470" VPOS="1002" WIDTH="108" HEIGHT="30" WC="0.92" CONTENT="avels-"/><SP WIDTH="25" VPOS="1002" HPOS="1578"/>
							<String ID="string_168" HPOS="1603" VPOS="1003" WIDTH="65" HEIGHT="29" WC="0.92" CONTENT="och"/><SP WIDTH="26" VPOS="1003" HPOS="1668"/>
							<String ID="string_169" HPOS="1694" VPOS="1012" WIDTH="70" HEIGHT="21" WC="0.92" CONTENT="ras-"/>
						</TextLine>
						<TextLine ID="line_17" HPOS="261" VPOS="1043" WIDTH="885" HEIGHT="44">
							<String ID="string_170" HPOS="261" VPOS="1043" WIDTH="73" HEIGHT="30" WC="0.96" CONTENT="lära"/><SP WIDTH="25" VPOS="1043" HPOS="334"/>
							<String ID="string_171" HPOS="359" VPOS="1046" WIDTH="88" HEIGHT="28" WC="0.93" CONTENT="samt"/><SP WIDTH="24" VPOS="1046" HPOS="447"/>
							<String ID="string_172" HPOS="471" VPOS="1045" WIDTH="216" HEIGHT="40" WC="0.92" CONTENT="husdjurens"/><SP WIDTH="25" VPOS="1045" HPOS="687"/>
							<String ID="string_173" HPOS="712" VPOS="1047" WIDTH="182" HEIGHT="40" WC="0.96" CONTENT="utfodring"/><SP WIDTH="23" VPOS="1047" HPOS="894"/>
							<String ID="string_174" HPOS="917" VPOS="1049" WIDTH="64" HEIGHT="29" WC="0.96" CONTENT="och"/><SP WIDTH="25" VPOS="1049" HPOS="981"/>
							<String ID="string_175" HPOS="1006" VPOS="1049" WIDTH="140" HEIGHT="30" WC="0.96" CONTENT="skötsel."/>
						</TextLine>
					</TextBlock>
					<TextBlock ID="block_5" HPOS="258" VPOS="1094" WIDTH="1508" HEIGHT="398">
						<TextLine ID="line_18" HPOS="304" VPOS="1094" WIDTH="1461" HEIGHT="48">
							<String ID="string_176" HPOS="304" VPOS="1094" WIDTH="72" HEIGHT="30" WC="0.96" CONTENT="Två"/><SP WIDTH="23" VPOS="1094" HPOS="376"/>
							<String ID="string_177" HPOS="399" VPOS="1095" WIDTH="172" HEIGHT="30" WC="0.96" CONTENT="motioner"/><SP WIDTH="23" VPOS="1095" HPOS="571"/>
							<String ID="string_178" HPOS="594" VPOS="1096" WIDTH="123" HEIGHT="31" WC="0.93" CONTENT="beröra"/><SP WIDTH="33" VPOS="1096" HPOS="717"/>
							<String ID="string_179" HPOS="750" VPOS="1098" WIDTH="424" HEIGHT="40" WC="0.91" CONTENT="skogshögskolan"/><SP WIDTH="34" VPOS="1098" HPOS="1174"/>
							<String ID="string_180" HPOS="1208" VPOS="1101" WIDTH="64" HEIGHT="29" WC="0.93" CONTENT="och"/><SP WIDTH="35" VPOS="1101" HPOS="1272"/>
							<String ID="string_181" HPOS="1307" VPOS="1101" WIDTH="458" HEIGHT="41" WC="0.90" CONTENT="skogsforsknings-"/>
						</TextLine>
						<TextLine ID="line_19" HPOS="260" VPOS="1144" WIDTH="1505" HEIGHT="49">
							<String ID="string_182" HPOS="260" VPOS="1144" WIDTH="268" HEIGHT="36" WC="0.96" CONTENT="institutet,"/><SP WIDTH="37" VPOS="1144" HPOS="528"/>
							<String ID="string_183" HPOS="565" VPOS="1147" WIDTH="176" HEIGHT="39" WC="0.95" CONTENT="nämligen"/><SP WIDTH="24" VPOS="1147" HPOS="741"/>
							<String ID="string_184" HPOS="765" VPOS="1148" WIDTH="28" HEIGHT="29" WC="0.56" CONTENT="I:"/><SP WIDTH="17" VPOS="1148" HPOS="793"/>
							<String ID="string_185" HPOS="810" VPOS="1148" WIDTH="61" HEIGHT="30" WC="0.56" CONTENT="331"/><SP WIDTH="27" VPOS="1148" HPOS="871"/>
							<String ID="string_186" HPOS="898" VPOS="1158" WIDTH="41" HEIGHT="21" WC="0.96" CONTENT="av"/><SP WIDTH="22" VPOS="1158" HPOS="939"/>
							<String ID="string_187" HPOS="961" VPOS="1150" WIDTH="123" HEIGHT="29" WC="0.96" CONTENT="herrar"/><SP WIDTH="23" VPOS="1150" HPOS="1084"/>
							<String ID="string_188" HPOS="1107" VPOS="1150" WIDTH="191" HEIGHT="39" WC="0.95" CONTENT="Sundberg,"/><SP WIDTH="25" VPOS="1150" HPOS="1298"/>
							<String ID="string_189" HPOS="1323" VPOS="1151" WIDTH="88" HEIGHT="37" WC="0.96" CONTENT="Carl,"/><SP WIDTH="25" VPOS="1151" HPOS="1411"/>
							<String ID="string_190" HPOS="1436" VPOS="1152" WIDTH="65" HEIGHT="30" WC="0.96" CONTENT="och"/><SP WIDTH="23" VPOS="1152" HPOS="1501"/>
							<String ID="string_191" HPOS="1524" VPOS="1153" WIDTH="94" HEIGHT="36" WC="0.96" CONTENT="Sten,"/><SP WIDTH="25" VPOS="1153" HPOS="1618"/>
							<String ID="string_192" HPOS="1643" VPOS="1154" WIDTH="122" HEIGHT="39" WC="0.89" CONTENT="likaly-"/>
						</TextLine>
						<TextLine ID="line_20" HPOS="260" VPOS="1195" WIDTH="1505" HEIGHT="47">
							<String ID="string_193" HPOS="260" VPOS="1195" WIDTH="112" HEIGHT="30" WC="0.96" CONTENT="dande"/><SP WIDTH="24" VPOS="1195" HPOS="372"/>
							<String ID="string_194" HPOS="396" VPOS="1196" WIDTH="79" HEIGHT="29" WC="0.95" CONTENT="med"/><SP WIDTH="26" VPOS="1196" HPOS="475"/>
							<String ID="string_195" HPOS="501" VPOS="1197" WIDTH="45" HEIGHT="29" WC="0.92" CONTENT="II:"/><SP WIDTH="17" VPOS="1197" HPOS="546"/>
							<String ID="string_196" HPOS="563" VPOS="1196" WIDTH="61" HEIGHT="30" WC="0.92" CONTENT="491"/><SP WIDTH="28" VPOS="1196" HPOS="624"/>
							<String ID="string_197" HPOS="652" VPOS="1207" WIDTH="42" HEIGHT="21" WC="0.96" CONTENT="av"/><SP WIDTH="23" VPOS="1207" HPOS="694"/>
							<String ID="string_198" HPOS="717" VPOS="1198" WIDTH="81" HEIGHT="29" WC="0.93" CONTENT="herr"/><SP WIDTH="24" VPOS="1198" HPOS="798"/>
							<String ID="string_199" HPOS="822" VPOS="1199" WIDTH="110" HEIGHT="40" WC="0.92" CONTENT="Sefve,"/><SP WIDTH="25" VPOS="1199" HPOS="932"/>
							<String ID="string_200" HPOS="957" VPOS="1200" WIDTH="75" HEIGHT="29" WC="0.92" CONTENT="vari"/><SP WIDTH="24" VPOS="1200" HPOS="1032"/>
							<String ID="string_201" HPOS="1056" VPOS="1200" WIDTH="207" HEIGHT="35" WC="0.91" CONTENT="hemställts,"/><SP WIDTH="26" VPOS="1200" HPOS="1263"/>
							<String ID="string_202" HPOS="1289" VPOS="1203" WIDTH="50" HEIGHT="28" WC="0.96" CONTENT="att"/><SP WIDTH="25" VPOS="1203" HPOS="1339"/>
							<String ID="string_203" HPOS="1364" VPOS="1202" WIDTH="187" HEIGHT="40" WC="0.95" CONTENT="riksdagen"/><SP WIDTH="25" VPOS="1202" HPOS="1551"/>
							<String ID="string_204" HPOS="1576" VPOS="1204" WIDTH="108" HEIGHT="29" WC="0.91" CONTENT="måtte"/><SP WIDTH="26" VPOS="1204" HPOS="1684"/>
							<String ID="string_205" HPOS="1710" VPOS="1204" WIDTH="55" HEIGHT="30" WC="0.91" CONTENT="be-"/>
						</TextLine>
						<TextLine ID="line_21" HPOS="262" VPOS="1245" WIDTH="1504" HEIGHT="48">
							<String ID="string_206" HPOS="262" VPOS="1245" WIDTH="90" HEIGHT="30" WC="0.96" CONTENT="sluta"/><SP WIDTH="24" VPOS="1245" HPOS="352"/>
							<String ID="string_207" HPOS="376" VPOS="1246" WIDTH="110" HEIGHT="30" WC="0.96" CONTENT="uttala"/><SP WIDTH="26" VPOS="1246" HPOS="486"/>
							<String ID="string_208" HPOS="512" VPOS="1247" WIDTH="51" HEIGHT="39" WC="0.96" CONTENT="sig"/><SP WIDTH="23" VPOS="1247" HPOS="563"/>
							<String ID="string_209" HPOS="586" VPOS="1250" WIDTH="92" HEIGHT="27" WC="0.96" CONTENT="emot"/><SP WIDTH="23" VPOS="1250" HPOS="678"/>
							<String ID="string_210" HPOS="701" VPOS="1257" WIDTH="43" HEIGHT="21" WC="0.96" CONTENT="en"/><SP WIDTH="25" VPOS="1257" HPOS="744"/>
							<String ID="string_211" HPOS="769" VPOS="1249" WIDTH="109" HEIGHT="29" WC="0.96" CONTENT="sådan"/><SP WIDTH="26" VPOS="1249" HPOS="878"/>
							<String ID="string_212" HPOS="904" VPOS="1250" WIDTH="227" HEIGHT="40" WC="0.96" CONTENT="samordning"/><SP WIDTH="24" VPOS="1250" HPOS="1131"/>
							<String ID="string_213" HPOS="1155" VPOS="1260" WIDTH="42" HEIGHT="21" WC="0.96" CONTENT="av"/><SP WIDTH="24" VPOS="1260" HPOS="1197"/>
							<String ID="string_214" HPOS="1221" VPOS="1251" WIDTH="251" HEIGHT="41" WC="0.96" CONTENT="undervisning"/><SP WIDTH="23" VPOS="1251" HPOS="1472"/>
							<String ID="string_215" HPOS="1495" VPOS="1253" WIDTH="56" HEIGHT="30" WC="0.93" CONTENT="vid"/><SP WIDTH="27" VPOS="1253" HPOS="1551"/>
							<String ID="string_216" HPOS="1578" VPOS="1254" WIDTH="188" HEIGHT="39" WC="0.92" CONTENT="skogshög-"/>
						</TextLine>
						<TextLine ID="line_22" HPOS="258" VPOS="1295" WIDTH="1507" HEIGHT="47">
							<String ID="string_217" HPOS="258" VPOS="1295" WIDTH="123" HEIGHT="29" WC="0.96" CONTENT="skolan"/><SP WIDTH="16" VPOS="1295" HPOS="381"/>
							<String ID="string_218" HPOS="397" VPOS="1296" WIDTH="64" HEIGHT="29" WC="0.96" CONTENT="och"/><SP WIDTH="18" VPOS="1296" HPOS="461"/>
							<String ID="string_219" HPOS="479" VPOS="1296" WIDTH="187" HEIGHT="40" WC="0.96" CONTENT="forskning"/><SP WIDTH="15" VPOS="1296" HPOS="666"/>
							<String ID="string_220" HPOS="681" VPOS="1298" WIDTH="57" HEIGHT="29" WC="0.93" CONTENT="vid"/><SP WIDTH="16" VPOS="1298" HPOS="738"/>
							<String ID="string_221" HPOS="754" VPOS="1299" WIDTH="489" HEIGHT="40" WC="0.91" CONTENT="skogsforskningsinstitutet"/><SP WIDTH="17" VPOS="1299" HPOS="1243"/>
							<String ID="string_222" HPOS="1260" VPOS="1311" WIDTH="75" HEIGHT="20" WC="0.96" CONTENT="som"/><SP WIDTH="14" VPOS="1311" HPOS="1335"/>
							<String ID="string_223" HPOS="1349" VPOS="1302" WIDTH="12" HEIGHT="29" WC="0.96" CONTENT="i"/><SP WIDTH="15" VPOS="1302" HPOS="1361"/>
							<String ID="string_224" HPOS="1376" VPOS="1303" WIDTH="262" HEIGHT="39" WC="0.92" CONTENT="propositionen"/><SP WIDTH="16" VPOS="1303" HPOS="1638"/>
							<String ID="string_225" HPOS="1654" VPOS="1304" WIDTH="111" HEIGHT="30" WC="0.92" CONTENT="förut-"/>
						</TextLine>
						<TextLine ID="line_23" HPOS="261" VPOS="1347" WIDTH="1504" HEIGHT="48">
							<String ID="string_226" HPOS="261" VPOS="1347" WIDTH="106" HEIGHT="30" WC="0.92" CONTENT="sättes"/><SP WIDTH="17" VPOS="1347" HPOS="367"/>
							<String ID="string_227" HPOS="384" VPOS="1347" WIDTH="54" HEIGHT="30" WC="0.96" CONTENT="för"/><SP WIDTH="17" VPOS="1347" HPOS="438"/>
							<String ID="string_228" HPOS="455" VPOS="1348" WIDTH="67" HEIGHT="30" WC="0.96" CONTENT="den"/><SP WIDTH="17" VPOS="1348" HPOS="522"/>
							<String ID="string_229" HPOS="539" VPOS="1349" WIDTH="53" HEIGHT="29" WC="0.93" CONTENT="till"/><SP WIDTH="17" VPOS="1349" HPOS="592"/>
							<String ID="string_230" HPOS="609" VPOS="1350" WIDTH="248" HEIGHT="38" WC="0.92" CONTENT="nyinrättande"/><SP WIDTH="17" VPOS="1350" HPOS="857"/>
							<String ID="string_231" HPOS="874" VPOS="1351" WIDTH="199" HEIGHT="40" WC="0.96" CONTENT="föreslagna"/><SP WIDTH="17" VPOS="1351" HPOS="1073"/>
							<String ID="string_232" HPOS="1090" VPOS="1353" WIDTH="226" HEIGHT="39" WC="0.95" CONTENT="professuren"/><SP WIDTH="17" VPOS="1353" HPOS="1316"/>
							<String ID="string_233" HPOS="1333" VPOS="1354" WIDTH="11" HEIGHT="29" WC="0.93" CONTENT="i"/><SP WIDTH="18" VPOS="1354" HPOS="1344"/>
							<String ID="string_234" HPOS="1362" VPOS="1354" WIDTH="192" HEIGHT="31" WC="0.91" CONTENT="arbetslära"/><SP WIDTH="17" VPOS="1354" HPOS="1554"/>
							<String ID="string_235" HPOS="1571" VPOS="1355" WIDTH="57" HEIGHT="30" WC="0.93" CONTENT="vid"/><SP WIDTH="19" VPOS="1355" HPOS="1628"/>
							<String ID="string_236" HPOS="1647" VPOS="1356" WIDTH="118" HEIGHT="39" WC="0.93" CONTENT="skogs-"/>
						</TextLine>
						<TextLine ID="line_24" HPOS="260" VPOS="1397" WIDTH="1504" HEIGHT="48">
							<String ID="string_237" HPOS="260" VPOS="1397" WIDTH="381" HEIGHT="40" WC="0.91" CONTENT="forskningsinstitutet"/><SP WIDTH="26" VPOS="1397" HPOS="641"/>
							<String ID="string_238" HPOS="667" VPOS="1400" WIDTH="64" HEIGHT="29" WC="0.96" CONTENT="och"/><SP WIDTH="27" VPOS="1400" HPOS="731"/>
							<String ID="string_239" HPOS="758" VPOS="1401" WIDTH="67" HEIGHT="29" WC="0.96" CONTENT="den"/><SP WIDTH="27" VPOS="1401" HPOS="825"/>
							<String ID="string_240" HPOS="852" VPOS="1401" WIDTH="52" HEIGHT="30" WC="0.92" CONTENT="till"/><SP WIDTH="28" VPOS="1401" HPOS="904"/>
							<String ID="string_241" HPOS="932" VPOS="1402" WIDTH="231" HEIGHT="40" WC="0.91" CONTENT="omreglering"/><SP WIDTH="27" VPOS="1402" HPOS="1163"/>
							<String ID="string_242" HPOS="1190" VPOS="1413" WIDTH="42" HEIGHT="20" WC="0.96" CONTENT="av"/><SP WIDTH="25" VPOS="1413" HPOS="1232"/>
							<String ID="string_243" HPOS="1257" VPOS="1404" WIDTH="282" HEIGHT="31" WC="0.96" CONTENT="ämnesområdet"/><SP WIDTH="28" VPOS="1404" HPOS="1539"/>
							<String ID="string_244" HPOS="1567" VPOS="1405" WIDTH="197" HEIGHT="40" WC="0.96" CONTENT="föreslagna"/>
						</TextLine>
						<TextLine ID="line_25" HPOS="260" VPOS="1448" WIDTH="1259" HEIGHT="44">
							<String ID="string_245" HPOS="260" VPOS="1448" WIDTH="225" HEIGHT="39" WC="0.96" CONTENT="professuren"/><SP WIDTH="26" VPOS="1448" HPOS="485"/>
							<String ID="string_246" HPOS="511" VPOS="1449" WIDTH="11" HEIGHT="29" WC="0.93" CONTENT="i"/><SP WIDTH="27" VPOS="1449" HPOS="522"/>
							<String ID="string_247" HPOS="549" VPOS="1450" WIDTH="281" HEIGHT="40" WC="0.91" CONTENT="skogsteknologi"/><SP WIDTH="26" VPOS="1450" HPOS="830"/>
							<String ID="string_248" HPOS="856" VPOS="1452" WIDTH="57" HEIGHT="29" WC="0.93" CONTENT="vid"/><SP WIDTH="27" VPOS="1452" HPOS="913"/>
							<String ID="string_249" HPOS="940" VPOS="1453" WIDTH="300" HEIGHT="39" WC="0.92" CONTENT="skogshögskolan"/><SP WIDTH="28" VPOS="1453" HPOS="1240"/>
							<String ID="string_250" HPOS="1268" VPOS="1456" WIDTH="89" HEIGHT="28" WC="0.96" CONTENT="samt"/><SP WIDTH="25" VPOS="1456" HPOS="1357"/>
							<String ID="string_251" HPOS="1382" VPOS="1454" WIDTH="137" HEIGHT="31" WC="0.96" CONTENT="besluta"/>
						</TextLine>
					</TextBlock>
					<TextBlock ID="block_6" HPOS="260" VPOS="1499" WIDTH="1506" HEIGHT="94">
						<TextLine ID="line_26" HPOS="305" VPOS="1499" WIDTH="1461" HEIGHT="47">
							<String ID="string_252" HPOS="305" VPOS="1500" WIDTH="49" HEIGHT="28" WC="0.95" CONTENT="att"/><SP WIDTH="18" VPOS="1500" HPOS="354"/>
							<String ID="string_253" HPOS="372" VPOS="1499" WIDTH="56" HEIGHT="30" WC="0.93" CONTENT="vid"/><SP WIDTH="19" VPOS="1499" HPOS="428"/>
							<String ID="string_254" HPOS="447" VPOS="1500" WIDTH="488" HEIGHT="40" WC="0.90" CONTENT="skogsforskningsinstitutet"/><SP WIDTH="18" VPOS="1500" HPOS="935"/>
							<String ID="string_255" HPOS="953" VPOS="1503" WIDTH="109" HEIGHT="30" WC="0.96" CONTENT="måtte"/><SP WIDTH="17" VPOS="1503" HPOS="1062"/>
							<String ID="string_256" HPOS="1079" VPOS="1504" WIDTH="149" HEIGHT="30" WC="0.95" CONTENT="inrättas"/><SP WIDTH="18" VPOS="1504" HPOS="1228"/>
							<String ID="string_257" HPOS="1246" VPOS="1513" WIDTH="42" HEIGHT="21" WC="0.96" CONTENT="en"/><SP WIDTH="18" VPOS="1513" HPOS="1288"/>
							<String ID="string_258" HPOS="1306" VPOS="1514" WIDTH="48" HEIGHT="30" WC="0.96" CONTENT="ny"/><SP WIDTH="16" VPOS="1514" HPOS="1354"/>
							<String ID="string_259" HPOS="1370" VPOS="1505" WIDTH="186" HEIGHT="40" WC="0.95" CONTENT="avdelning"/><SP WIDTH="18" VPOS="1505" HPOS="1556"/>
							<String ID="string_260" HPOS="1574" VPOS="1506" WIDTH="54" HEIGHT="30" WC="0.93" CONTENT="för"/><SP WIDTH="19" VPOS="1506" HPOS="1628"/>
							<String ID="string_261" HPOS="1647" VPOS="1507" WIDTH="119" HEIGHT="39" WC="0.91" CONTENT="skogs-"/>
						</TextLine>
						<TextLine ID="line_27" HPOS="260" VPOS="1549" WIDTH="1398" HEIGHT="44">
							<String ID="string_262" HPOS="260" VPOS="1549" WIDTH="175" HEIGHT="39" WC="0.95" CONTENT="teknologi"/><SP WIDTH="19" VPOS="1549" HPOS="435"/>
							<String ID="string_263" HPOS="454" VPOS="1551" WIDTH="80" HEIGHT="29" WC="0.96" CONTENT="med"/><SP WIDTH="19" VPOS="1551" HPOS="534"/>
							<String ID="string_264" HPOS="553" VPOS="1551" WIDTH="236" HEIGHT="40" WC="0.96" CONTENT="huvudsaklig"/><SP WIDTH="19" VPOS="1551" HPOS="789"/>
							<String ID="string_265" HPOS="808" VPOS="1552" WIDTH="257" HEIGHT="41" WC="0.96" CONTENT="arbetsuppgift"/><SP WIDTH="19" VPOS="1552" HPOS="1065"/>
							<String ID="string_266" HPOS="1084" VPOS="1554" WIDTH="45" HEIGHT="39" WC="0.93" CONTENT="på"/><SP WIDTH="20" VPOS="1554" HPOS="1129"/>
							<String ID="string_267" HPOS="1149" VPOS="1554" WIDTH="235" HEIGHT="31" WC="0.91" CONTENT="arbetslärans"/><SP WIDTH="20" VPOS="1554" HPOS="1384"/>
							<String ID="string_268" HPOS="1404" VPOS="1556" WIDTH="142" HEIGHT="30" WC="0.96" CONTENT="område"/><SP WIDTH="22" VPOS="1556" HPOS="1546"/>
							<String ID="string_269" HPOS="1568" VPOS="1558" WIDTH="90" HEIGHT="28" WC="0.96" CONTENT="samt"/>
						</TextLine>
					</TextBlock>
					<TextBlock ID="block_7" HPOS="259" VPOS="1600" WIDTH="1506" HEIGHT="147">
						<TextLine ID="line_28" HPOS="304" VPOS="1600" WIDTH="1461" HEIGHT="46">
							<String ID="string_270" HPOS="304" VPOS="1601" WIDTH="50" HEIGHT="28" WC="0.96" CONTENT="att"/><SP WIDTH="23" VPOS="1601" HPOS="354"/>
							<String ID="string_271" HPOS="377" VPOS="1600" WIDTH="56" HEIGHT="29" WC="0.93" CONTENT="vid"/><SP WIDTH="25" VPOS="1600" HPOS="433"/>
							<String ID="string_272" HPOS="458" VPOS="1601" WIDTH="300" HEIGHT="39" WC="0.91" CONTENT="skogshögskolan"/><SP WIDTH="24" VPOS="1601" HPOS="758"/>
							<String ID="string_273" HPOS="782" VPOS="1603" WIDTH="67" HEIGHT="29" WC="0.96" CONTENT="den"/><SP WIDTH="24" VPOS="1603" HPOS="849"/>
							<String ID="string_274" HPOS="873" VPOS="1604" WIDTH="203" HEIGHT="29" WC="0.95" CONTENT="nuvarande"/><SP WIDTH="24" VPOS="1604" HPOS="1076"/>
							<String ID="string_275" HPOS="1100" VPOS="1604" WIDTH="226" HEIGHT="39" WC="0.96" CONTENT="professuren"/><SP WIDTH="23" VPOS="1604" HPOS="1326"/>
							<String ID="string_276" HPOS="1349" VPOS="1606" WIDTH="11" HEIGHT="29" WC="0.93" CONTENT="i"/><SP WIDTH="26" VPOS="1606" HPOS="1360"/>
							<String ID="string_277" HPOS="1386" VPOS="1606" WIDTH="283" HEIGHT="40" WC="0.92" CONTENT="skogsteknologi"/><SP WIDTH="24" VPOS="1606" HPOS="1669"/>
							<String ID="string_278" HPOS="1693" VPOS="1617" WIDTH="72" HEIGHT="20" WC="0.91" CONTENT="om-"/>
						</TextLine>
						<TextLine ID="line_29" HPOS="259" VPOS="1650" WIDTH="1505" HEIGHT="46">
							<String ID="string_279" HPOS="259" VPOS="1650" WIDTH="145" HEIGHT="30" WC="0.91" CONTENT="vandlas"/><SP WIDTH="18" VPOS="1650" HPOS="404"/>
							<String ID="string_280" HPOS="422" VPOS="1651" WIDTH="51" HEIGHT="29" WC="0.95" CONTENT="till"/><SP WIDTH="20" VPOS="1651" HPOS="473"/>
							<String ID="string_281" HPOS="493" VPOS="1660" WIDTH="43" HEIGHT="21" WC="0.96" CONTENT="en"/><SP WIDTH="18" VPOS="1660" HPOS="536"/>
							<String ID="string_282" HPOS="554" VPOS="1652" WIDTH="180" HEIGHT="39" WC="0.96" CONTENT="professur"/><SP WIDTH="19" VPOS="1652" HPOS="734"/>
							<String ID="string_283" HPOS="753" VPOS="1653" WIDTH="10" HEIGHT="29" WC="0.93" CONTENT="i"/><SP WIDTH="20" VPOS="1653" HPOS="763"/>
							<String ID="string_284" HPOS="783" VPOS="1653" WIDTH="192" HEIGHT="31" WC="0.91" CONTENT="arbetslära"/><SP WIDTH="19" VPOS="1653" HPOS="975"/>
							<String ID="string_285" HPOS="994" VPOS="1654" WIDTH="65" HEIGHT="30" WC="0.95" CONTENT="och"/><SP WIDTH="19" VPOS="1654" HPOS="1059"/>
							<String ID="string_286" HPOS="1078" VPOS="1664" WIDTH="43" HEIGHT="20" WC="0.95" CONTENT="en"/><SP WIDTH="18" VPOS="1664" HPOS="1121"/>
							<String ID="string_287" HPOS="1139" VPOS="1664" WIDTH="46" HEIGHT="30" WC="0.83" CONTENT="py"/><SP WIDTH="18" VPOS="1664" HPOS="1185"/>
							<String ID="string_288" HPOS="1203" VPOS="1655" WIDTH="395" HEIGHT="41" WC="0.91" CONTENT="laboratorsbefattning"/><SP WIDTH="17" VPOS="1655" HPOS="1598"/>
							<String ID="string_289" HPOS="1615" VPOS="1657" WIDTH="149" HEIGHT="31" WC="0.96" CONTENT="inrättas"/>
						</TextLine>
						<TextLine ID="line_30" HPOS="260" VPOS="1700" WIDTH="1502" HEIGHT="47">
							<String ID="string_290" HPOS="260" VPOS="1700" WIDTH="9" HEIGHT="29" WC="0.92" CONTENT="i"/><SP WIDTH="20" VPOS="1700" HPOS="269"/>
							<String ID="string_291" HPOS="289" VPOS="1701" WIDTH="192" HEIGHT="30" WC="0.92" CONTENT="virkeslära"/><SP WIDTH="21" VPOS="1701" HPOS="481"/>
							<String ID="string_292" HPOS="502" VPOS="1704" WIDTH="51" HEIGHT="28" WC="0.96" CONTENT="att"/><SP WIDTH="20" VPOS="1704" HPOS="553"/>
							<String ID="string_293" HPOS="573" VPOS="1702" WIDTH="165" HEIGHT="31" WC="0.96" CONTENT="tillsättas"/><SP WIDTH="22" VPOS="1702" HPOS="738"/>
							<String ID="string_294" HPOS="760" VPOS="1703" WIDTH="88" HEIGHT="30" WC="0.96" CONTENT="efter"/><SP WIDTH="21" VPOS="1703" HPOS="848"/>
							<String ID="string_295" HPOS="869" VPOS="1705" WIDTH="203" HEIGHT="30" WC="0.93" CONTENT="nuvarande"/><SP WIDTH="22" VPOS="1705" HPOS="1072"/>
							<String ID="string_296" HPOS="1094" VPOS="1705" WIDTH="156" HEIGHT="30" WC="0.91" CONTENT="lektorns"/><SP WIDTH="20" VPOS="1705" HPOS="1250"/>
							<String ID="string_297" HPOS="1270" VPOS="1706" WIDTH="45" HEIGHT="39" WC="0.92" CONTENT="på"/><SP WIDTH="20" VPOS="1706" HPOS="1315"/>
							<String ID="string_298" HPOS="1335" VPOS="1707" WIDTH="263" HEIGHT="39" WC="0.90" CONTENT="övergångsstat"/><SP WIDTH="21" VPOS="1707" HPOS="1598"/>
							<String ID="string_299" HPOS="1619" VPOS="1708" WIDTH="143" HEIGHT="39" WC="0.96" CONTENT="avgång."/>
						</TextLine>
					</TextBlock>
					<TextBlock ID="block_8" HPOS="258" VPOS="1751" WIDTH="1506" HEIGHT="90">
						<TextLine ID="line_31" HPOS="302" VPOS="1751" WIDTH="1462" HEIGHT="47">
							<String ID="string_300" HPOS="302" VPOS="1751" WIDTH="71" HEIGHT="30" WC="0.95" CONTENT="Två"/><SP WIDTH="24" VPOS="1751" HPOS="373"/>
							<String ID="string_301" HPOS="397" VPOS="1752" WIDTH="173" HEIGHT="29" WC="0.96" CONTENT="motioner"/><SP WIDTH="24" VPOS="1752" HPOS="570"/>
							<String ID="string_302" HPOS="594" VPOS="1762" WIDTH="79" HEIGHT="21" WC="0.93" CONTENT="avse"/><SP WIDTH="35" VPOS="1762" HPOS="673"/>
							<String ID="string_303" HPOS="708" VPOS="1753" WIDTH="608" HEIGHT="42" WC="0.90" CONTENT="anslagsberäkningarna"/><SP WIDTH="33" VPOS="1753" HPOS="1316"/>
							<String ID="string_304" HPOS="1349" VPOS="1757" WIDTH="55" HEIGHT="30" WC="0.93" CONTENT="för"/><SP WIDTH="24" VPOS="1757" HPOS="1404"/>
							<String ID="string_305" HPOS="1428" VPOS="1757" WIDTH="336" HEIGHT="41" WC="0.91" CONTENT="lantbrukshögsko-"/>
						</TextLine>
						<TextLine ID="line_32" HPOS="258" VPOS="1801" WIDTH="267" HEIGHT="40">
							<String ID="string_306" HPOS="258" VPOS="1801" WIDTH="68" HEIGHT="34" WC="0.95" CONTENT="lan,"/><SP WIDTH="22" VPOS="1801" HPOS="326"/>
							<String ID="string_307" HPOS="348" VPOS="1803" WIDTH="177" HEIGHT="38" WC="0.96" CONTENT="nämligen"/>
						</TextLine>
					</TextBlock>
					<TextBlock ID="block_9" HPOS="257" VPOS="1852" WIDTH="1506" HEIGHT="347">
						<TextLine ID="line_33" HPOS="302" VPOS="1852" WIDTH="1460" HEIGHT="45">
							<String ID="string_308" HPOS="302" VPOS="1852" WIDTH="36" HEIGHT="33" WC="0.96" CONTENT="a)"/><SP WIDTH="31" VPOS="1852" HPOS="338"/>
							<String ID="string_309" HPOS="369" VPOS="1853" WIDTH="28" HEIGHT="28" WC="0.35" CONTENT="I:"/><SP WIDTH="16" VPOS="1853" HPOS="397"/>
							<String ID="string_310" HPOS="413" VPOS="1853" WIDTH="62" HEIGHT="29" WC="0.35" CONTENT="313"/><SP WIDTH="20" VPOS="1853" HPOS="475"/>
							<String ID="string_311" HPOS="495" VPOS="1863" WIDTH="43" HEIGHT="21" WC="0.96" CONTENT="av"/><SP WIDTH="18" VPOS="1863" HPOS="538"/>
							<String ID="string_312" HPOS="556" VPOS="1854" WIDTH="80" HEIGHT="29" WC="0.91" CONTENT="herr"/><SP WIDTH="20" VPOS="1854" HPOS="636"/>
							<String ID="string_313" HPOS="656" VPOS="1854" WIDTH="138" HEIGHT="37" WC="0.89" CONTENT="Osvald,"/><SP WIDTH="20" VPOS="1854" HPOS="794"/>
							<String ID="string_314" HPOS="814" VPOS="1856" WIDTH="73" HEIGHT="29" WC="0.93" CONTENT="vari"/><SP WIDTH="18" VPOS="1856" HPOS="887"/>
							<String ID="string_315" HPOS="905" VPOS="1856" WIDTH="208" HEIGHT="35" WC="0.92" CONTENT="hemställts,"/><SP WIDTH="21" VPOS="1856" HPOS="1113"/>
							<String ID="string_316" HPOS="1134" VPOS="1859" WIDTH="49" HEIGHT="28" WC="0.96" CONTENT="att"/><SP WIDTH="19" VPOS="1859" HPOS="1183"/>
							<String ID="string_317" HPOS="1202" VPOS="1857" WIDTH="187" HEIGHT="40" WC="0.95" CONTENT="riksdagen"/><SP WIDTH="19" VPOS="1857" HPOS="1389"/>
							<String ID="string_318" HPOS="1408" VPOS="1859" WIDTH="108" HEIGHT="30" WC="0.96" CONTENT="måtte"/><SP WIDTH="19" VPOS="1859" HPOS="1516"/>
							<String ID="string_319" HPOS="1535" VPOS="1859" WIDTH="146" HEIGHT="35" WC="0.96" CONTENT="besluta,"/><SP WIDTH="20" VPOS="1859" HPOS="1681"/>
							<String ID="string_320" HPOS="1701" VPOS="1862" WIDTH="61" HEIGHT="31" WC="0.96" CONTENT="att,"/>
						</TextLine>
						<TextLine ID="line_34" HPOS="257" VPOS="1903" WIDTH="1506" HEIGHT="46">
							<String ID="string_321" HPOS="257" VPOS="1903" WIDTH="63" HEIGHT="28" WC="0.96" CONTENT="när"/><SP WIDTH="25" VPOS="1903" HPOS="320"/>
							<String ID="string_322" HPOS="345" VPOS="1903" WIDTH="153" HEIGHT="31" WC="0.93" CONTENT="Svenska"/><SP WIDTH="24" VPOS="1903" HPOS="498"/>
							<String ID="string_323" HPOS="522" VPOS="1904" WIDTH="84" HEIGHT="30" WC="0.90" CONTENT="vall-"/><SP WIDTH="24" VPOS="1904" HPOS="606"/>
							<String ID="string_324" HPOS="630" VPOS="1905" WIDTH="64" HEIGHT="29" WC="0.93" CONTENT="och"/><SP WIDTH="25" VPOS="1905" HPOS="694"/>
							<String ID="string_325" HPOS="719" VPOS="1906" WIDTH="447" HEIGHT="41" WC="0.92" CONTENT="mosskulturföreningens"/><SP WIDTH="24" VPOS="1906" HPOS="1166"/>
							<String ID="string_326" HPOS="1190" VPOS="1908" WIDTH="154" HEIGHT="30" WC="0.92" CONTENT="försöks-"/><SP WIDTH="24" VPOS="1908" HPOS="1344"/>
							<String ID="string_327" HPOS="1368" VPOS="1909" WIDTH="65" HEIGHT="30" WC="0.93" CONTENT="och"/><SP WIDTH="24" VPOS="1909" HPOS="1433"/>
							<String ID="string_328" HPOS="1457" VPOS="1910" WIDTH="306" HEIGHT="39" WC="0.91" CONTENT="forskningsverk-"/>
						</TextLine>
						<TextLine ID="line_35" HPOS="258" VPOS="1953" WIDTH="1505" HEIGHT="46">
							<String ID="string_329" HPOS="258" VPOS="1953" WIDTH="134" HEIGHT="30" WC="0.93" CONTENT="samhet"/><SP WIDTH="23" VPOS="1953" HPOS="392"/>
							<String ID="string_330" HPOS="415" VPOS="1954" WIDTH="177" HEIGHT="31" WC="0.91" CONTENT="överföres"/><SP WIDTH="22" VPOS="1954" HPOS="592"/>
							<String ID="string_331" HPOS="614" VPOS="1955" WIDTH="52" HEIGHT="29" WC="0.93" CONTENT="till"/><SP WIDTH="23" VPOS="1955" HPOS="666"/>
							<String ID="string_332" HPOS="689" VPOS="1955" WIDTH="523" HEIGHT="39" WC="0.90" CONTENT="jordbruksförsöksanstalten,"/><SP WIDTH="25" VPOS="1955" HPOS="1212"/>
							<String ID="string_333" HPOS="1237" VPOS="1958" WIDTH="224" HEIGHT="41" WC="0.96" CONTENT="föreningens"/><SP WIDTH="24" VPOS="1958" HPOS="1461"/>
							<String ID="string_334" HPOS="1485" VPOS="1961" WIDTH="203" HEIGHT="29" WC="0.93" CONTENT="nuvarande"/><SP WIDTH="24" VPOS="1961" HPOS="1688"/>
							<String ID="string_335" HPOS="1712" VPOS="1961" WIDTH="51" HEIGHT="29" WC="0.93" CONTENT="fö-"/>
						</TextLine>
						<TextLine ID="line_36" HPOS="258" VPOS="2004" WIDTH="1505" HEIGHT="42">
							<String ID="string_336" HPOS="258" VPOS="2004" WIDTH="211" HEIGHT="35" WC="0.91" CONTENT="reståndare,"/><SP WIDTH="27" VPOS="2004" HPOS="469"/>
							<String ID="string_337" HPOS="496" VPOS="2005" WIDTH="51" HEIGHT="30" WC="0.95" CONTENT="fil."/><SP WIDTH="27" VPOS="2005" HPOS="547"/>
							<String ID="string_338" HPOS="574" VPOS="2005" WIDTH="53" HEIGHT="30" WC="0.92" CONTENT="lic."/><SP WIDTH="27" VPOS="2005" HPOS="627"/>
							<String ID="string_339" HPOS="654" VPOS="2005" WIDTH="36" HEIGHT="30" WC="0.91" CONTENT="G."/><SP WIDTH="27" VPOS="2005" HPOS="690"/>
							<String ID="string_340" HPOS="717" VPOS="2006" WIDTH="128" HEIGHT="40" WC="0.96" CONTENT="Rappe,"/><SP WIDTH="27" VPOS="2006" HPOS="845"/>
							<String ID="string_341" HPOS="872" VPOS="2007" WIDTH="108" HEIGHT="31" WC="0.96" CONTENT="måtte"/><SP WIDTH="25" VPOS="2007" HPOS="980"/>
							<String ID="string_342" HPOS="1005" VPOS="2008" WIDTH="96" HEIGHT="30" WC="0.96" CONTENT="inom"/><SP WIDTH="28" VPOS="2008" HPOS="1101"/>
							<String ID="string_343" HPOS="1129" VPOS="2009" WIDTH="153" HEIGHT="30" WC="0.96" CONTENT="nämnda"/><SP WIDTH="27" VPOS="2009" HPOS="1282"/>
							<String ID="string_344" HPOS="1309" VPOS="2010" WIDTH="129" HEIGHT="30" WC="0.96" CONTENT="anstalt"/><SP WIDTH="26" VPOS="2010" HPOS="1438"/>
							<String ID="string_345" HPOS="1464" VPOS="2010" WIDTH="152" HEIGHT="31" WC="0.96" CONTENT="tilldelas"/><SP WIDTH="25" VPOS="2010" HPOS="1616"/>
							<String ID="string_346" HPOS="1641" VPOS="2020" WIDTH="43" HEIGHT="21" WC="0.93" CONTENT="en"/><SP WIDTH="26" VPOS="2020" HPOS="1684"/>
							<String ID="string_347" HPOS="1710" VPOS="2021" WIDTH="53" HEIGHT="20" WC="0.93" CONTENT="ar-"/>
						</TextLine>
						<TextLine ID="line_37" HPOS="258" VPOS="2054" WIDTH="1501" HEIGHT="47">
							<String ID="string_348" HPOS="258" VPOS="2054" WIDTH="305" HEIGHT="41" WC="0.91" CONTENT="vodesbefattning"/><SP WIDTH="14" VPOS="2054" HPOS="563"/>
							<String ID="string_349" HPOS="577" VPOS="2057" WIDTH="78" HEIGHT="29" WC="0.96" CONTENT="med"/><SP WIDTH="18" VPOS="2057" HPOS="655"/>
							<String ID="string_350" HPOS="673" VPOS="2066" WIDTH="40" HEIGHT="20" WC="0.96" CONTENT="en"/><SP WIDTH="18" VPOS="2066" HPOS="713"/>
							<String ID="string_351" HPOS="731" VPOS="2057" WIDTH="58" HEIGHT="29" WC="0.96" CONTENT="lön"/><SP WIDTH="17" VPOS="2057" HPOS="789"/>
							<String ID="string_352" HPOS="806" VPOS="2067" WIDTH="42" HEIGHT="20" WC="0.96" CONTENT="av"/><SP WIDTH="16" VPOS="2067" HPOS="848"/>
							<String ID="string_353" HPOS="864" VPOS="2058" WIDTH="18" HEIGHT="29" WC="0.96" CONTENT="5"/><SP WIDTH="16" VPOS="2058" HPOS="882"/>
							<String ID="string_354" HPOS="898" VPOS="2058" WIDTH="62" HEIGHT="30" WC="0.96" CONTENT="000"/><SP WIDTH="16" VPOS="2058" HPOS="960"/>
							<String ID="string_355" HPOS="976" VPOS="2059" WIDTH="132" HEIGHT="29" WC="0.96" CONTENT="kronor"/><SP WIDTH="17" VPOS="2059" HPOS="1108"/>
							<String ID="string_356" HPOS="1125" VPOS="2061" WIDTH="49" HEIGHT="28" WC="0.93" CONTENT="att"/><SP WIDTH="17" VPOS="2061" HPOS="1174"/>
							<String ID="string_357" HPOS="1191" VPOS="2077" WIDTH="43" HEIGHT="3" WC="0.52" CONTENT="—"/><SP WIDTH="14" VPOS="2077" HPOS="1234"/>
							<String ID="string_358" HPOS="1248" VPOS="2060" WIDTH="57" HEIGHT="29" WC="0.96" CONTENT="vid"/><SP WIDTH="18" VPOS="2060" HPOS="1305"/>
							<String ID="string_359" HPOS="1323" VPOS="2060" WIDTH="100" HEIGHT="30" WC="0.96" CONTENT="sidan"/><SP WIDTH="17" VPOS="2060" HPOS="1423"/>
							<String ID="string_360" HPOS="1440" VPOS="2070" WIDTH="42" HEIGHT="20" WC="0.96" CONTENT="av"/><SP WIDTH="17" VPOS="2070" HPOS="1482"/>
							<String ID="string_361" HPOS="1499" VPOS="2061" WIDTH="10" HEIGHT="29" WC="0.96" CONTENT="i"/><SP WIDTH="15" VPOS="2061" HPOS="1509"/>
							<String ID="string_362" HPOS="1524" VPOS="2070" WIDTH="99" HEIGHT="31" WC="0.96" CONTENT="prop."/><SP WIDTH="17" VPOS="2070" HPOS="1623"/>
							<String ID="string_363" HPOS="1640" VPOS="2071" WIDTH="42" HEIGHT="19" WC="0.96" CONTENT="nr"/><SP WIDTH="19" VPOS="2071" HPOS="1682"/>
							<String ID="string_364" HPOS="1701" VPOS="2062" WIDTH="58" HEIGHT="29" WC="0.96" CONTENT="161"/>
						</TextLine>
						<TextLine ID="line_38" HPOS="259" VPOS="2105" WIDTH="1502" HEIGHT="46">
							<String ID="string_365" HPOS="259" VPOS="2105" WIDTH="194" HEIGHT="40" WC="0.95" CONTENT="föreslagen"/><SP WIDTH="29" VPOS="2105" HPOS="453"/>
							<String ID="string_366" HPOS="482" VPOS="2106" WIDTH="275" HEIGHT="41" WC="0.93" CONTENT="förtidspension"/><SP WIDTH="27" VPOS="2106" HPOS="757"/>
							<String ID="string_367" HPOS="784" VPOS="2125" WIDTH="43" HEIGHT="3" WC="0.31" CONTENT="-—"/><SP WIDTH="27" VPOS="2125" HPOS="827"/>
							<String ID="string_368" HPOS="854" VPOS="2108" WIDTH="83" HEIGHT="39" WC="0.96" CONTENT="utgå"/><SP WIDTH="26" VPOS="2108" HPOS="937"/>
							<String ID="string_369" HPOS="963" VPOS="2109" WIDTH="53" HEIGHT="29" WC="0.96" CONTENT="till"/><SP WIDTH="28" VPOS="2109" HPOS="1016"/>
							<String ID="string_370" HPOS="1044" VPOS="2109" WIDTH="131" HEIGHT="30" WC="0.96" CONTENT="honom"/><SP WIDTH="28" VPOS="2109" HPOS="1175"/>
							<String ID="string_371" HPOS="1203" VPOS="2110" WIDTH="10" HEIGHT="29" WC="0.96" CONTENT="i"/><SP WIDTH="29" VPOS="2110" HPOS="1213"/>
							<String ID="string_372" HPOS="1242" VPOS="2110" WIDTH="114" HEIGHT="30" WC="0.95" CONTENT="stället"/><SP WIDTH="28" VPOS="2110" HPOS="1356"/>
							<String ID="string_373" HPOS="1384" VPOS="2111" WIDTH="54" HEIGHT="29" WC="0.96" CONTENT="för"/><SP WIDTH="27" VPOS="2111" HPOS="1438"/>
							<String ID="string_374" HPOS="1465" VPOS="2111" WIDTH="11" HEIGHT="29" WC="0.96" CONTENT="i"/><SP WIDTH="27" VPOS="2111" HPOS="1476"/>
							<String ID="string_375" HPOS="1503" VPOS="2120" WIDTH="98" HEIGHT="31" WC="0.96" CONTENT="prop."/><SP WIDTH="29" VPOS="2120" HPOS="1601"/>
							<String ID="string_376" HPOS="1630" VPOS="2121" WIDTH="41" HEIGHT="20" WC="0.95" CONTENT="nr"/><SP WIDTH="30" VPOS="2121" HPOS="1671"/>
							<String ID="string_377" HPOS="1701" VPOS="2112" WIDTH="60" HEIGHT="30" WC="0.96" CONTENT="177"/>
						</TextLine>
						<TextLine ID="line_39" HPOS="259" VPOS="2155" WIDTH="1026" HEIGHT="44">
							<String ID="string_378" HPOS="259" VPOS="2155" WIDTH="195" HEIGHT="40" WC="0.96" CONTENT="föreslagen"/><SP WIDTH="21" VPOS="2155" HPOS="454"/>
							<String ID="string_379" HPOS="475" VPOS="2157" WIDTH="195" HEIGHT="39" WC="0.96" CONTENT="ersättning"/><SP WIDTH="22" VPOS="2157" HPOS="670"/>
							<String ID="string_380" HPOS="692" VPOS="2158" WIDTH="55" HEIGHT="29" WC="0.96" CONTENT="för"/><SP WIDTH="23" VPOS="2158" HPOS="747"/>
							<String ID="string_381" HPOS="770" VPOS="2158" WIDTH="174" HEIGHT="31" WC="0.96" CONTENT="särskilda"/><SP WIDTH="22" VPOS="2158" HPOS="944"/>
							<String ID="string_382" HPOS="966" VPOS="2160" WIDTH="319" HEIGHT="39" WC="0.96" CONTENT="undersökningar;"/>
						</TextLine>
					</TextBlock>
					<TextBlock ID="block_10" HPOS="252" VPOS="2205" WIDTH="1509" HEIGHT="232">
						<TextLine ID="line_40" HPOS="297" VPOS="2205" WIDTH="1462" HEIGHT="42">
							<String ID="string_383" HPOS="297" VPOS="2205" WIDTH="37" HEIGHT="33" WC="0.92" CONTENT="b)"/><SP WIDTH="32" VPOS="2205" HPOS="334"/>
							<String ID="string_384" HPOS="366" VPOS="2206" WIDTH="27" HEIGHT="29" WC="0.93" CONTENT="I:"/><SP WIDTH="17" VPOS="2206" HPOS="393"/>
							<String ID="string_385" HPOS="410" VPOS="2206" WIDTH="63" HEIGHT="29" WC="0.93" CONTENT="314"/><SP WIDTH="18" VPOS="2206" HPOS="473"/>
							<String ID="string_386" HPOS="491" VPOS="2216" WIDTH="43" HEIGHT="20" WC="0.96" CONTENT="av"/><SP WIDTH="17" VPOS="2216" HPOS="534"/>
							<String ID="string_387" HPOS="551" VPOS="2207" WIDTH="80" HEIGHT="29" WC="0.96" CONTENT="herr"/><SP WIDTH="19" VPOS="2207" HPOS="631"/>
							<String ID="string_388" HPOS="650" VPOS="2207" WIDTH="129" HEIGHT="30" WC="0.93" CONTENT="Osvald"/><SP WIDTH="17" VPOS="2207" HPOS="779"/>
							<String ID="string_389" HPOS="796" VPOS="2218" WIDTH="45" HEIGHT="20" WC="0.90" CONTENT="m."/><SP WIDTH="19" VPOS="2218" HPOS="841"/>
							<String ID="string_390" HPOS="860" VPOS="2208" WIDTH="49" HEIGHT="39" WC="0.92" CONTENT="fl.,"/><SP WIDTH="18" VPOS="2208" HPOS="909"/>
							<String ID="string_391" HPOS="927" VPOS="2208" WIDTH="224" HEIGHT="39" WC="0.96" CONTENT="likalydande"/><SP WIDTH="19" VPOS="2208" HPOS="1151"/>
							<String ID="string_392" HPOS="1170" VPOS="2210" WIDTH="78" HEIGHT="29" WC="0.96" CONTENT="med"/><SP WIDTH="19" VPOS="2210" HPOS="1248"/>
							<String ID="string_393" HPOS="1267" VPOS="2210" WIDTH="45" HEIGHT="29" WC="0.85" CONTENT="IH:"/><SP WIDTH="17" VPOS="2210" HPOS="1312"/>
							<String ID="string_394" HPOS="1329" VPOS="2210" WIDTH="63" HEIGHT="30" WC="0.96" CONTENT="489"/><SP WIDTH="19" VPOS="2210" HPOS="1392"/>
							<String ID="string_395" HPOS="1411" VPOS="2220" WIDTH="41" HEIGHT="20" WC="0.96" CONTENT="av"/><SP WIDTH="19" VPOS="2220" HPOS="1452"/>
							<String ID="string_396" HPOS="1471" VPOS="2211" WIDTH="122" HEIGHT="29" WC="0.96" CONTENT="herrar"/><SP WIDTH="17" VPOS="2211" HPOS="1593"/>
							<String ID="string_397" HPOS="1610" VPOS="2212" WIDTH="149" HEIGHT="29" WC="0.96" CONTENT="Persson"/>
						</TextLine>
						<TextLine ID="line_41" HPOS="252" VPOS="2256" WIDTH="1509" HEIGHT="45">
							<String ID="string_398" HPOS="252" VPOS="2256" WIDTH="11" HEIGHT="29" WC="0.93" CONTENT="i"/><SP WIDTH="28" VPOS="2256" HPOS="263"/>
							<String ID="string_399" HPOS="291" VPOS="2256" WIDTH="177" HEIGHT="40" WC="0.91" CONTENT="Svensköp"/><SP WIDTH="27" VPOS="2256" HPOS="468"/>
							<String ID="string_400" HPOS="495" VPOS="2258" WIDTH="65" HEIGHT="29" WC="0.96" CONTENT="och"/><SP WIDTH="26" VPOS="2258" HPOS="560"/>
							<String ID="string_401" HPOS="586" VPOS="2257" WIDTH="150" HEIGHT="39" WC="0.95" CONTENT="Stjärne,"/><SP WIDTH="28" VPOS="2257" HPOS="736"/>
							<String ID="string_402" HPOS="764" VPOS="2259" WIDTH="74" HEIGHT="28" WC="0.93" CONTENT="vari"/><SP WIDTH="28" VPOS="2259" HPOS="838"/>
							<String ID="string_403" HPOS="866" VPOS="2259" WIDTH="208" HEIGHT="34" WC="0.92" CONTENT="hemställts,"/><SP WIDTH="29" VPOS="2259" HPOS="1074"/>
							<String ID="string_404" HPOS="1103" VPOS="2262" WIDTH="49" HEIGHT="27" WC="0.96" CONTENT="att"/><SP WIDTH="28" VPOS="2262" HPOS="1152"/>
							<String ID="string_405" HPOS="1180" VPOS="2260" WIDTH="186" HEIGHT="39" WC="0.96" CONTENT="riksdagen"/><SP WIDTH="28" VPOS="2260" HPOS="1366"/>
							<String ID="string_406" HPOS="1394" VPOS="2261" WIDTH="57" HEIGHT="30" WC="0.96" CONTENT="vid"/><SP WIDTH="27" VPOS="2261" HPOS="1451"/>
							<String ID="string_407" HPOS="1478" VPOS="2261" WIDTH="213" HEIGHT="40" WC="0.96" CONTENT="behandling"/><SP WIDTH="28" VPOS="2261" HPOS="1691"/>
							<String ID="string_408" HPOS="1719" VPOS="2271" WIDTH="42" HEIGHT="20" WC="0.96" CONTENT="av"/>
						</TextLine>
						<TextLine ID="line_42" HPOS="253" VPOS="2307" WIDTH="1508" HEIGHT="43">
							<String ID="string_409" HPOS="253" VPOS="2307" WIDTH="125" HEIGHT="38" WC="0.96" CONTENT="Kungl."/><SP WIDTH="27" VPOS="2307" HPOS="378"/>
							<String ID="string_410" HPOS="405" VPOS="2307" WIDTH="124" HEIGHT="39" WC="0.95" CONTENT="Maj:ts"/><SP WIDTH="27" VPOS="2307" HPOS="529"/>
							<String ID="string_411" HPOS="556" VPOS="2308" WIDTH="216" HEIGHT="39" WC="0.96" CONTENT="proposition"/><SP WIDTH="25" VPOS="2308" HPOS="772"/>
							<String ID="string_412" HPOS="797" VPOS="2318" WIDTH="42" HEIGHT="19" WC="0.96" CONTENT="nr"/><SP WIDTH="29" VPOS="2318" HPOS="839"/>
							<String ID="string_413" HPOS="868" VPOS="2309" WIDTH="59" HEIGHT="29" WC="0.96" CONTENT="177"/><SP WIDTH="28" VPOS="2309" HPOS="927"/>
							<String ID="string_414" HPOS="955" VPOS="2310" WIDTH="108" HEIGHT="29" WC="0.96" CONTENT="måtte"/><SP WIDTH="27" VPOS="2310" HPOS="1063"/>
							<String ID="string_415" HPOS="1090" VPOS="2310" WIDTH="53" HEIGHT="29" WC="0.95" CONTENT="för"/><SP WIDTH="26" VPOS="2310" HPOS="1143"/>
							<String ID="string_416" HPOS="1169" VPOS="2311" WIDTH="153" HEIGHT="39" WC="0.95" CONTENT="tillfällig"/><SP WIDTH="26" VPOS="2311" HPOS="1322"/>
							<String ID="string_417" HPOS="1348" VPOS="2312" WIDTH="213" HEIGHT="30" WC="0.96" CONTENT="arbetskraft"/><SP WIDTH="27" VPOS="2312" HPOS="1561"/>
							<String ID="string_418" HPOS="1588" VPOS="2312" WIDTH="58" HEIGHT="30" WC="0.93" CONTENT="vid"/><SP WIDTH="26" VPOS="2312" HPOS="1646"/>
							<String ID="string_419" HPOS="1672" VPOS="2313" WIDTH="89" HEIGHT="29" WC="0.91" CONTENT="lant-"/>
						</TextLine>
						<TextLine ID="line_43" HPOS="253" VPOS="2357" WIDTH="1507" HEIGHT="46">
							<String ID="string_420" HPOS="253" VPOS="2357" WIDTH="325" HEIGHT="40" WC="0.92" CONTENT="brukshögskolans"/><SP WIDTH="17" VPOS="2357" HPOS="578"/>
							<String ID="string_421" HPOS="595" VPOS="2359" WIDTH="165" HEIGHT="30" WC="0.96" CONTENT="bibliotek"/><SP WIDTH="16" VPOS="2359" HPOS="760"/>
							<String ID="string_422" HPOS="776" VPOS="2359" WIDTH="56" HEIGHT="30" WC="0.96" CONTENT="för"/><SP WIDTH="16" VPOS="2359" HPOS="832"/>
							<String ID="string_423" HPOS="848" VPOS="2359" WIDTH="204" HEIGHT="39" WC="0.93" CONTENT="budgetåret"/><SP WIDTH="20" VPOS="2359" HPOS="1052"/>
							<String ID="string_424" HPOS="1072" VPOS="2361" WIDTH="149" HEIGHT="35" WC="0.91" CONTENT="1948/49"/><SP WIDTH="17" VPOS="2361" HPOS="1221"/>
							<String ID="string_425" HPOS="1238" VPOS="2362" WIDTH="122" HEIGHT="29" WC="0.96" CONTENT="anvisa"/><SP WIDTH="16" VPOS="2362" HPOS="1360"/>
							<String ID="string_426" HPOS="1376" VPOS="2363" WIDTH="47" HEIGHT="30" WC="0.96" CONTENT="ett"/><SP WIDTH="18" VPOS="2363" HPOS="1423"/>
							<String ID="string_427" HPOS="1441" VPOS="2362" WIDTH="124" HEIGHT="41" WC="0.96" CONTENT="belopp"/><SP WIDTH="17" VPOS="2362" HPOS="1565"/>
							<String ID="string_428" HPOS="1582" VPOS="2373" WIDTH="43" HEIGHT="20" WC="0.95" CONTENT="av"/><SP WIDTH="19" VPOS="2373" HPOS="1625"/>
							<String ID="string_429" HPOS="1644" VPOS="2363" WIDTH="38" HEIGHT="29" WC="0.96" CONTENT="12"/><SP WIDTH="15" VPOS="2363" HPOS="1682"/>
							<String ID="string_430" HPOS="1697" VPOS="2363" WIDTH="63" HEIGHT="29" WC="0.96" CONTENT="000"/>
						</TextLine>
						<TextLine ID="line_44" HPOS="252" VPOS="2408" WIDTH="140" HEIGHT="29">
							<String ID="string_431" HPOS="252" VPOS="2408" WIDTH="140" HEIGHT="29" WC="0.96" CONTENT="kronor."/>
						</TextLine>
					</TextBlock>
				</ComposedBlock>
			</PrintSpace>
		</Page>
	</Layout>
</alto>
