1938 2830
595 173 277 29 Bankoutskottets
894 175 158 29 utlåtande
1073 176 45 28 Nr
1138 178 28 26 5.
1609 179 16 26 7

133 249 156 39 framgår
320 260 43 21 av
396 250 237 41 fullmäktiges
665 252 11 31 i
709 253 334 39 riksgäldskontoret
1073 257 160 37 yttrande
1264 257 10 29 i
1305 259 150 34 ärendet,
1488 259 140 31 komma

135 303 191 30 emellertid
355 304 229 40 fullmäktige,
615 306 11 29 i
656 306 166 31 händelse
850 308 136 38 bolaget
1016 308 174 39 framgent
1220 311 109 29 skulle
1359 310 186 32 åsidosätta
1575 312 52 30 sin

131 356 393 40 betalningsskyldighet
547 358 50 30 till
622 362 120 33 staten,
768 363 49 27 att
841 363 78 36 taga
944 362 110 29 under
1076 363 248 38 övervägande,
1349 363 92 31 vilka
1466 364 158 39 åtgärder

131 412 173 36 gentemot
326 411 93 30 detta
442 412 85 30 böra
551 412 155 39 vidtagas
728 413 56 30 för
807 417 48 27 att
878 414 216 40 tillvarataga
1117 419 128 27 statens
1268 418 67 29 rätt
1358 418 64 29 och
1446 418 175 31 intressen.

133 462 62 31 Vid
216 463 124 31 sådant
360 464 220 32 förhållande
601 467 65 29 har
687 468 164 29 utskottet
873 469 121 30 endast
1014 470 89 29 velat
1122 471 67 29 vad
1210 470 10 30 i
1242 472 139 29 ärendet
1403 471 220 32 förekommit

130 516 55 30 för
204 516 185 40 riksdagen

494 607 219 32 omförmäla.

846 744 65 30 2:0.

174 818 116 39 Enligt
321 820 159 38 gällande
511 821 230 38 reglementen
772 822 55 30 för
857 822 212 32 riksbanken
1100 825 65 29 och
1197 825 330 39 riksgäldskontoret
1558 830 64 36 äga
1660 863 18 24 -
1696 829 67 59 SA
1805 866 5 4 .

129 870 220 41 fullmäktige
374 872 11 30 i
412 874 98 30 dessa
536 873 91 31 båda
654 875 81 29 verk
763 878 49 27 att
839 880 212 34 gemensamt
1078 878 106 30 bland
1210 882 106 27 annat
1342 880 136 39 vidtaga
1505 882 41 29 de
1573 881 47 30 åt-
1650 871 89 58 fråga
1753 871 55 52 om

129 925 133 38 gärder,
289 935 75 20 som
390 926 175 31 erfordras
590 927 55 31 för
669 928 186 31 utförande
881 939 43 20 av
949 930 201 39 riksdagens
1175 932 112 30 beslut
1312 932 10 30 i
1347 932 98 40 fråga
1471 944 56 20 om
1553 944 68 29 nya
1658 935 144 30 riksbygg-

379 980 13 6 a
463 980 6 5 5
921 983 6 5 5
1245 985 54 8 SE
1460 989 13 5 -
1652 969 155 25 naderna
1792 965 19 42 d

128 978 201 39 byggnader
358 979 55 30 för
442 980 185 39 riksdagen
656 991 44 20 m.
730 991 45 21 m.
806 983 65 29 och
901 984 222 35 riksbanken,
1154 986 59 29 allt
1242 995 11 20 i
1282 989 338 29 överensstämmelse
1644 986 169 52 Helqeands-

128 1032 80 29 med
238 1032 42 29 de
308 1033 162 30 närmare
501 1033 226 37 föreskrifter,
758 1044 75 21 som
863 1036 11 29 i
904 1037 170 30 särskilda
1105 1038 181 31 skrivelser
1316 1040 66 30 den
1414 1042 35 28 11
1483 1042 65 29 och
1581 1043 38 28 12
1666 1040 123 25 holmen.

127 1084 72 38 maj
226 1085 83 30 1888
332 1086 66 29 och
421 1087 67 29 den
510 1088 19 29 6
553 1087 87 39 april
666 1089 83 30 1906
772 1088 97 31 blivit
891 1099 43 21 av
955 1090 184 40 riksdagen
1162 1093 211 30 meddelade.

172 1137 114 39 Några
312 1147 259 30 gemensamma
598 1143 283 30 sammanträden
907 1144 127 30 mellan
1060 1145 160 31 bemälda
1245 1146 216 40 fullmäktige
1488 1147 54 31 för
1569 1152 49 26 ut-

127 1190 146 32 förande
289 1201 42 21 av
346 1192 267 40 ifrågavarande
627 1196 159 38 uppdrag
801 1196 101 36 hava,
918 1197 104 39 enligt
1038 1199 67 29 vad
1119 1198 56 31 för
1190 1200 163 30 utskottet
1370 1202 157 34 anmälts,
1544 1202 75 30 icke

127 1245 57 38 ägt
216 1254 78 21 rum
325 1247 111 30 under
467 1247 66 30 den
565 1247 58 36 tid,
658 1249 181 31 utskottets
871 1251 212 39 granskning
1115 1252 174 36 omfattat;
1322 1253 102 31 vilket
1456 1256 162 30 utskottet

126 1297 146 31 härmed
293 1298 57 31 får
372 1299 55 31 för
448 1299 186 41 riksdagen

492 1382 148 30 anmäla.

839 1490 67 30 3:0.

168 1565 75 30 Vad
278 1564 10 31 i
323 1565 232 32 revisorernas
590 1568 180 31 berättelse
806 1579 57 20 om
900 1571 256 39 granskningen
1193 1582 42 21 av
1270 1573 346 39 riksgäldskontorets
1691 1583 67 28 Ang.

124 1617 163 40 ställning
304 1620 66 29 och
387 1619 213 41 förvaltning
617 1621 96 39 eljest
730 1622 98 31 blivit
845 1623 126 36 anfört,
990 1625 64 29 har
1071 1626 164 30 utskottet
1253 1626 115 31 funnit
1384 1627 74 31 icke
1476 1638 81 21 vara
1574 1639 39 20 av
1641 1617 165 60 perser

124 1671 245 32 beskaffenhet
396 1676 49 27 att
471 1673 80 31 från
578 1675 181 31 utskottets
787 1676 75 31 sida
889 1676 138 40 påkalla
1053 1678 104 40 något
1184 1681 172 37 yttrande;
1383 1682 64 29 och
1475 1682 64 30 har
1565 1686 50 27 ut-
1678 1695 35 17 om.
1734 1695 35 18 m.

124 1725 126 30 skottet
276 1725 116 31 funnit
420 1728 66 29 vad
515 1727 56 30 vid
598 1728 180 40 läsningen
806 1740 43 20 av
875 1730 235 40 fullmäktiges
1138 1735 171 36 protokoll
1336 1734 221 32 förekommit
1584 1737 31 38 ej

124 1777 84 31 böra
238 1778 181 32 föranleda
449 1780 114 39 någon
592 1783 164 29 anmälan
786 1784 81 29 eller
896 1785 219 36 hemställan;
1147 1786 103 31 vilket
1280 1789 163 30 utskottet
1470 1790 144 30 härmed

122 1829 55 32 får
201 1831 55 31 för
281 1831 186 42 riksdagen

488 1906 149 30 anmäla.

835 2015 67 30 4:0.

168 2078 13 30 I
205 2079 151 39 enlighet
380 2082 80 30 med
484 2082 224 32 föreskriften
731 2084 11 30 i
767 2080 20 41 8
813 2086 19 29 4
857 2095 42 21 av
925 2086 66 30 den
1015 2086 54 31 för
1094 2089 164 30 utskottet
1282 2091 158 37 gällande
1463 2091 148 31 instruk-
1623 2107 68 30 Ang.
1712 2106 112 30 tillstyr-

123 2131 116 32 tionen
261 2133 57 30 vill
340 2135 165 31 utskottet
528 2136 158 40 slutligen
707 2139 169 35 meddela,
899 2143 49 26 att
969 2141 79 29 med
1070 2143 167 29 avseende
1258 2142 45 40 på
1323 2143 289 40 riksgäldskonto-
1649 2143 94 24 kande
1763 2150 35 18 av

251 2174 17 28 pr
328 2187 6 6 .
530 2191 13 6 a
665 2191 6 5 .
1002 2193 6 6 .
1232 2196 6 6 .
1658 2186 129 17 ansvars-

123 2189 67 27 rets
221 2187 163 39 ställning
413 2189 65 30 och
509 2189 211 41 förvaltning
750 2193 110 29 under
889 2194 66 29 den
986 2195 58 34 tid,
1075 2196 257 39 granskningen
1361 2198 170 35 omfattat,
1563 2203 49 26 ut-
1675 2214 94 30 frihet.

121 2239 125 30 skottet
269 2240 32 38 ej
324 2240 117 31 funnit
464 2243 186 39 anledning
672 2244 49 30 till
743 2245 138 30 erinran
905 2250 88 26 samt
1017 2251 47 26 att
1087 2249 164 30 utskottet
1274 2250 54 30 för
1351 2250 52 30 sin
1426 2252 52 29 del
1502 2262 109 25 anser,

122 2294 48 28 att
196 2293 251 31 ansvarsfrihet
473 2296 63 29 bör
563 2296 143 40 beviljas
733 2298 229 40 fullmäktige.

166 2345 171 32 Utskottet
365 2348 198 31 hemställer
592 2350 109 36 alltså,

485 2441 48 27 att
562 2438 218 41 fullmäktige
809 2441 11 30 i
851 2441 330 40 riksgäldskontoret
1212 2445 57 30 må
1299 2445 222 33 tillerkännas
1552 2458 57 20 an-

440 2492 202 31 svarsfrihet
669 2494 32 39 ej
728 2494 135 31 mindre
891 2495 55 31 för
973 2497 66 30 den
1066 2507 42 20 av
1135 2498 201 40 riksdagens
1364 2499 38 31 år
1432 2502 81 29 1928
1541 2502 68 30 för-
