1882 2820
304 161 102 27 Andra
432 160 184 27 kammarens
638 159 122 32 fjärde
785 156 153 34 tillfälliga
962 155 124 28 wutskotts
1108 153 153 28 utlåtande
1286 152 42 29 Nr
1356 157 43 23 10.
1581 148 10 29 1

785 575 49 40 Nr
863 571 68 60 10.

568 710 118 28 Ankom
710 709 45 29 till
779 709 173 33 riksdagens
975 708 98 28 kansli
1096 707 56 28 den
1178 708 16 26 8
1220 706 59 34 maj
1305 707 80 27 1928
1410 706 39 27 kl.
1476 707 17 26 3
1517 714 26 18 e.
1568 714 37 18 m.

310 839 116 32 Andra
457 839 206 32 kammarens
705 837 158 40 fjärde
894 836 172 38 tillfälliga
1097 836 142 31 utskotts
1270 834 178 38 utlåtande,
1481 845 39 21 nr
1551 834 51 37 10,

513 903 12 29 i
552 899 174 38 anledning
757 911 39 20 av
827 899 118 32 väckta
975 899 155 30 motioner
1159 897 165 37 angående
1352 896 174 37 utredning
1557 898 46 28 rö-

522 962 99 32 rande
639 961 204 40 jordbrukets
862 960 210 33 ekonomiska
1091 960 71 36 läge
1182 971 42 21 m.
1244 970 42 20 m.

165 1105 115 32 Andra
298 1105 206 32 kammarens
525 1104 105 37 fjärde
648 1103 175 39 tillfälliga
840 1102 127 32 utskott
985 1102 60 32 har
1063 1101 52 32 till
1136 1100 199 39 behandling
1353 1100 12 32 i
1383 1103 46 29 ett
1448 1110 157 22 samman-
1632 1114 192 27 3fotionerna.

120 1159 88 38 hang
229 1157 144 34 förehaft
392 1158 57 32 två
466 1157 88 32 inom
573 1157 188 32 kammaren
781 1155 119 33 väckta
919 1155 57 33 och
997 1154 53 33 till
1070 1155 158 32 utskottet
1245 1152 178 34 hänvisade
1443 1152 163 37 motioner,

117 1211 163 38 nämligen
300 1223 38 20 nr
357 1211 64 32 384
441 1223 42 20 av
500 1211 75 31 herr
592 1209 171 41 Sjölander
781 1210 56 31 och
859 1221 38 19 nr
917 1210 61 31 397
1001 1221 40 20 av
1059 1208 111 32 herrar
1188 1207 185 32 Johansson
1391 1208 12 31 1
1423 1206 182 38 Krogstorp

118 1265 57 31 och
195 1265 200 37 Magnusson
413 1264 13 32 i
446 1264 139 33 Skövde.

165 1319 18 31 I
208 1319 60 32 den
296 1318 227 32 förstnämnda
549 1316 160 33 motionen
735 1316 197 38 hemställes,
960 1319 49 29 att
1033 1314 175 38 riksdagen
1232 1313 80 33 ville
1336 1313 12 32 i
1374 1312 157 33 skrivelse
1556 1311 53 32 till

123 1372 125 38 Kungl.
269 1371 112 38 Maj:t
400 1370 143 39 anhålla,
566 1374 48 29 att
633 1370 126 38 Kungl.
779 1369 111 38 Maj:t
909 1369 100 32 måtte
1027 1368 68 32 låta
1113 1366 181 33 verkställa
1312 1378 38 20 en
1370 1377 170 28 noggrann
1558 1369 50 28 ut-

123 1425 136 39 redning
275 1425 134 32 rörande
427 1423 207 39 jordbrukets
652 1422 209 34 ekonomiska
878 1422 83 39 läge,
980 1424 93 35 samt,
1092 1433 50 20 om
1161 1419 177 39 anledning
1355 1419 186 38 föreligger,
1560 1422 48 28 ut-

123 1479 76 33 reda
215 1478 117 39 frågan
348 1490 51 21 om
415 1477 94 33 vilka
525 1476 160 40 åtgärder,
704 1487 67 22 som
787 1475 79 33 böra
880 1475 152 38 vidtagas
1051 1474 50 32 för
1117 1477 49 29 att
1180 1473 77 38 höja
1273 1473 206 38 jordbrukets
1495 1471 113 34 ekono-

126 1532 105 33 miska
248 1532 162 38 bärkraft,
430 1532 37 32 så
484 1533 48 31 att
549 1529 191 40 jordbruket
756 1529 11 32 i
786 1528 105 33 likhet
908 1528 71 32 med
998 1526 114 40 övriga
1130 1526 253 39 näringsgrenar
1399 1527 67 31 kan
1486 1525 126 33 skänka

125 1586 71 33 sina
215 1589 134 29 utövare
369 1585 54 32 lön
446 1584 52 33 för
518 1584 96 33 möda
632 1583 58 33 och
712 1582 175 38 anständig
907 1581 172 39 bärgning,
1100 1584 87 29 samt
1207 1583 49 29 att
1277 1577 211 36 ekonomiska
1509 1578 102 33 förut-

124 1639 183 39 sättningar
320 1639 121 38 skapas
458 1638 51 32 för
526 1641 49 29 att
591 1637 60 32 den
667 1636 87 38 lejda
769 1635 240 33 arbetskraften
1025 1635 53 31 må
1093 1634 114 32 kunna
1220 1633 127 33 erhålla
1361 1618 248 57 löneförmåner,

124 1705 67 21 som
205 1698 76 27 över
294 1692 113 32 huvud
423 1694 91 36 taget
527 1691 58 32 och
601 1691 12 31 i
628 1690 86 39 regel
729 1688 165 39 tillämpas
911 1688 51 32 för
977 1688 60 32 den
1051 1687 87 38 lejda
1151 1686 241 33 arbetskraften
1408 1686 87 32 inom
1510 1685 101 33 andra

126 1745 296 40 näringsområden.

166 1808 18 31 I
212 1807 160 33 motionen
400 1806 53 32 II:
467 1807 64 31 397
561 1804 174 34 hemställa
762 1803 245 38 motionärerna,
1038 1806 48 30 att
1114 1801 174 39 riksdagen
1318 1802 98 32 måtte
1443 1800 129 33 besluta
1600 1800 11 31 i

123 1861 156 32 skrivelse
295 1860 53 33 till
367 1860 127 38 Kungl.
514 1859 83 38 Maj:
611 1863 15 28 t
642 1857 143 39 anhålla,
804 1860 50 30 att
872 1856 126 38 Kungl.
1019 1856 111 38 Maj:t
1148 1855 126 33 täcktes
1291 1855 178 32 verkställa
1488 1855 67 32 dels
1572 1866 39 20 en

123 1914 133 39 allsidig
277 1913 176 39 utredning
474 1925 52 20 om
547 1912 205 39 jordbrukets
776 1910 210 33 ekonomiska
1010 1909 237 39 förhållanden,
1272 1908 67 33 dels
1362 1908 60 33 ock
1444 1920 38 20 en
1507 1908 105 32 utred-

124 1968 80 39 ning
221 1980 52 21 om
291 1968 260 32 lantarbetarnas
569 1965 211 34 ekonomiska
797 1965 57 32 och
876 1964 119 33 sociala
1014 1962 160 40 ställning
1193 1966 85 29 samt
1296 1974 50 20 om
1366 1961 248 40 möjligheterna

122 2021 53 33 till
199 2022 151 38 åtgärder
373 2021 52 32 för
447 2020 71 33 dess
542 2019 233 33 förbättrande.

167 2075 217 33 Beträffande
411 2073 276 39 motiveringarna
713 2072 52 32 för
788 2072 39 33 de
854 2083 82 20 ovan
963 2070 170 39 återgivna
1160 2069 191 40 yrkandena
1377 2069 53 32 får
1456 2069 159 32 utskottet

124 2128 139 34 hänvisa
286 2128 53 33 till
363 2127 209 33 motionerna.

170 2200 166 33 Utskottet
357 2198 61 33 har
439 2198 13 32 i
475 2196 204 40 vederbörlig
703 2196 137 39 ordning
864 2195 164 33 inhämtat
1051 2195 175 38 yttranden
1250 2199 76 27 över
1349 2193 201 33 motionerna
1574 2206 39 20 av
1652 2204 168 27 Yttranden.

124 2252 260 39 socialstyrelsen
405 2252 57 32 och
485 2249 342 40 lantbruksstyrelsen,
849 2249 93 32 vilka
964 2248 173 38 yttranden
1161 2248 105 32 såsom
1286 2247 127 38 bilagor
1434 2247 108 38 fogats
1562 2246 50 32 till

126 2308 89 32 detta
239 2306 178 33 utlåtande.

170 2379 71 32 Den
267 2379 97 38 fråga
388 2376 237 34 motionärerna
647 2376 62 32 här
734 2376 66 32 fört
825 2375 85 32 fram
936 2374 53 33 till
1017 2374 190 38 riksdagens
1234 2372 162 41 prövning
1422 2377 36 27 är
1482 2383 131 28 synner-
1664 2382 146 27 Utskottet.

127 2432 87 39 ligen
235 2431 202 33 omfattande
456 2435 88 29 samt
564 2442 115 27 genom
700 2429 51 33 sin
771 2428 210 33 ekonomiska
1001 2427 58 33 och
1083 2426 120 34 sociala
1223 2426 156 33 innebörd
1400 2426 215 33 utomordent-

127 2485 64 38 ligt
217 2484 244 40 betydelsefull.
489 2483 218 33 Jordbrukets
733 2482 144 33 centrala
903 2481 88 38 plats
1018 2480 10 32 i
1056 2481 59 31 vår
1143 2479 288 39 folkhushållning
1458 2479 61 33 och
1546 2480 70 32 dess

169 2551 118 33 Bihang
311 2550 46 29 till
379 2550 173 34 riksdagens
573 2548 143 35 protokoll
741 2549 88 27 1928.
856 2549 37 25 13
917 2546 83 28 saml.
1025 2543 18 30 4
1067 2545 63 28 avd.
1156 2548 18 25 8
1199 2545 76 34 häft.
1299 2545 58 35 (Nr
1383 2546 60 33 10).
1560 2545 14 28 1
