1888 2826
545 151 274 31 Statsutskottets
838 151 176 31 utlåtande
1033 152 48 30 Nr
1106 153 69 29 200.
1593 148 17 30 3

106 234 169 31 melserna
305 245 57 20 om
390 236 66 29 den
486 236 232 36 provisoriska
746 236 362 36 löneförstärkningen
1136 235 39 31 så
1202 239 50 28 att
1281 237 67 30 den
1376 238 157 29 kommer
1562 240 49 27 att

103 285 149 30 omfatta
274 286 88 29 även
381 286 68 30 den
469 287 161 34 personal
652 286 57 30 vid
730 289 128 27 statens
881 286 275 37 sinnessjukhus,
1182 297 75 20 som
1279 288 142 30 avlönas
1441 288 105 36 enligt
1568 298 43 20 av

105 335 353 37 medicinalstyrelsen
484 336 173 30 fastställd
684 337 162 36 löneplan
871 337 57 30 för
951 340 98 27 extra
1075 338 173 30 ordinarie
1277 339 159 36 personal!
1462 338 57 31 vid
1545 342 64 27 sta-

104 388 75 28 tens
198 386 265 38 sinnessjukhus
488 386 54 39 (de
561 397 24 20 s.
604 388 32 29 k.
655 387 312 40 ekonomisterna);

149 436 72 31 dels
249 447 42 20 en
318 437 95 31 inom
438 438 109 30 andra
574 439 204 29 kammaren
805 448 41 20 av
871 439 81 30 herr
979 439 37 30 E.
1043 439 166 30 Eriksson
1235 440 11 29 i
1275 439 199 31 Stockholm
1499 450 44 20 m.
1572 440 36 30 fl.

105 487 101 30 väckt
224 488 142 34 motion,
386 497 40 20 nr
444 489 73 34 462,
537 489 10 29 i
565 489 114 29 vilken
698 489 202 35 hemställts,
920 492 49 27 att
987 489 183 37 riksdagen
1189 490 11 30 i
1218 491 187 36 anledning
1423 501 42 20 av
1485 491 122 36 Kungl.

105 538 118 36 Maj:ts
244 539 215 37 proposition
479 549 40 20 nr
542 540 61 30 196
622 538 58 32 må
697 540 145 36 besluta,

148 592 49 27 att
220 589 212 37 provisorisk
454 590 418 37 avlöningsförstärkning
896 590 35 31 åt
955 591 342 37 befattningshavare
1320 592 10 30 i
1353 595 129 28 statens
1504 592 108 37 tjänst

103 638 59 31 må
182 641 110 29 under
311 639 204 38 budgetåret
538 636 182 40 1937/1938
741 640 82 38 utgå
841 642 106 36 enligt
967 642 157 36 följande
1144 643 163 35 grunder:

149 689 31 40 a)
210 691 51 30 till
289 691 345 37 befattningshavare
661 692 79 30 med
771 693 156 35 reglerad
955 693 162 36 avlöning
1144 693 107 37 enligt
1282 694 57 30 vid
1368 694 241 31 kommunika-

102 739 221 33 tionsverken
347 742 66 30 och
438 742 178 30 allmänna
641 742 337 38 civilförvaltningen
1002 744 161 35 gällande
1186 744 423 37 avlöningsreg!ementen,

103 792 80 29 med
207 792 64 30 300
294 792 131 31 kronor
449 802 60 28 per
533 791 40 32 år
594 793 50 30 till
668 793 352 37 befattningshavare,
1045 804 75 21 som
1145 793 152 38 åtnjuter
1321 796 161 36 avlöning
1505 796 106 36 enligt

103 841 259 33 löneklasserna
380 844 118 35 5—12,
515 844 66 30 och
597 844 79 30 med
694 845 63 30 240
776 845 129 30 kronor
924 854 61 29 per
1001 844 39 31 år
1057 846 51 29 till
1124 855 118 21 annan
1257 846 351 37 befattningshavare,

147 892 34 39 b)
207 893 52 30 till
280 893 343 37 befattningshavare
644 896 79 30 med
747 896 156 36 reglerad
926 896 163 37 avlöning
1110 897 107 36 enligt
1239 898 110 30 andra
1372 899 45 29 än
1438 898 111 30 under
1573 897 31 40 a)

103 944 148 35 angivna
276 945 412 36 avlöningsreglementen
715 947 79 29 med
819 947 126 37 belopp
971 957 77 20 som
1076 948 10 29 i
1112 948 199 37 anslutning
1338 948 51 31 till
1416 949 192 36 avlönings-

103 994 161 37 beloppet
292 995 10 30 i
329 995 241 31 innehavande
598 997 173 31 löneklass
798 1007 120 21 svarar
945 1001 73 27 mot
1046 999 68 29 vad
1139 999 110 30 under
1278 1000 31 37 a)
1341 1000 88 35 sägs,

148 1044 28 39 c)
200 1046 51 29 till
270 1055 118 21 annan
406 1046 342 37 befattningshavare
766 1049 80 29 med
865 1049 125 37 belopp
1009 1058 75 21 som
1087 1040 20 51 i
1131 1048 221 32 förhållande
1370 1050 51 30 till
1440 1049 170 38 utgående

101 1096 163 36 avlöning
282 1100 195 27 motsvarar
495 1098 68 30 vad
582 1107 75 21 som
674 1099 111 29 under
804 1098 30 39 a)
859 1100 86 36 sägs,
964 1100 106 36 enligt
1090 1110 42 20 av
1151 1100 122 36 Kungl.
1296 1101 101 37 Maj:t
1414 1101 195 31 fastställda

102 1147 160 36 grunder,
289 1151 92 27 samt

147 1196 33 39 d)
204 1200 49 27 att
271 1198 51 30 till
340 1198 352 37 befaltningshavare,
710 1209 75 21 som
803 1201 10 29 i
832 1201 172 30 samband
1023 1202 79 30 med
1119 1202 136 30 enskild
1272 1202 137 37 järvägs
1425 1203 83 30 eller
1525 1204 83 29 ban-

102 1247 72 31 dels
201 1249 231 36 övertagande
460 1259 43 20 av
529 1253 111 27 staten
669 1250 153 37 övergått
849 1251 10 30 i
886 1251 203 37 statstjänst,
1117 1252 212 37 provisorisk
1358 1254 250 36 avlöningsför-

103 1299 178 36 stärkning
303 1298 100 38 utgår
425 1301 8 29 i
455 1301 149 36 enlighet
624 1302 79 29 med
725 1302 67 30 vad
813 1302 112 30 under
943 1301 32 40 a)
1002 1304 88 35 sägs,
1113 1304 64 30 och
1199 1304 88 30 skall
1308 1304 10 30 i
1339 1305 169 30 samband
1529 1305 78 30 här-

101 1349 80 30 med
201 1350 201 37 minskning
422 1351 75 30 icke
517 1352 59 29 ske
597 1352 10 29 i
627 1353 185 30 eventuellt
832 1352 170 37 utgående
1023 1355 187 36 personligt
1229 1355 209 37 lönetillägg:

146 1399 72 31 dels
244 1410 43 20 en
316 1401 95 30 inom
438 1402 109 30 andra
574 1403 205 30 kammaren
806 1413 44 20 av
876 1405 81 29 herr
983 1404 37 31 R.
1050 1405 192 37 Lundqvist
1268 1407 103 29 väckt
1396 1407 141 36 motion,
1567 1417 41 20 nr

102 1450 74 36 464,
202 1451 10 29 i
240 1451 116 30 vilken
382 1452 203 35 hemställts,
612 1456 51 27 att
688 1453 185 37 riksdagen
900 1455 59 30 vid
984 1455 258 37 behandlingen
1268 1466 43 20 av
1337 1457 122 36 Kungl.
1489 1457 118 36 Maj:ts

101 1501 216 36 proposition
345 1511 40 20 nr
416 1503 61 29 196
505 1501 106 32 måtte
635 1504 144 35 besluta,
808 1507 50 28 att
885 1505 302 37 landsfiskalerna,
1218 1505 80 31 från
1324 1508 65 29 och
1415 1508 80 30 med
1522 1508 84 30 bud-

101 1549 128 37 getåret
256 1547 184 41 1937/1938
467 1554 64 29 och
557 1553 88 30 intill
669 1554 79 31 dess
773 1556 249 36 lönereglering
1048 1556 56 30 för
1129 1557 79 30 dem
1234 1558 116 30 träder
1374 1558 10 30 i
1408 1558 104 36 kraft,
1539 1557 67 37 må,

99 1602 121 30 utöver
243 1612 48 20 nu
315 1601 169 38 utgående
507 1603 267 39 löneförmåner,
799 1604 136 39 åtnjuta
957 1616 44 20 en
1023 1607 212 36 provisorisk
1259 1609 347 36 avlöningsförstärk-

101 1652 82 36 ning
199 1662 42 21 av
260 1653 64 31 500
342 1654 130 30 kronor
490 1664 61 28 per
567 1653 51 38 år;

145 1703 72 30 dels
243 1713 43 21 en
311 1704 96 31 inom
434 1705 110 31 andra
569 1707 204 30 kammaren
803 1717 41 20 av
869 1708 82 30 herr
977 1708 37 30 A.
1042 1708 199 38 Spångberg
1269 1710 102 30 väckt
1396 1711 141 35 niotion,
1567 1721 40 20 nr

100 1753 74 36 465,
193 1754 73 30 vari
286 1755 203 36 hemställts,
510 1759 49 27 att
577 1756 184 37 riksdagen
779 1757 105 31 måtte
903 1759 134 30 besluta
1056 1758 109 31 sådan
1185 1760 147 37 ändring
1350 1761 10 29 i
1381 1761 55 30 det
1453 1771 42 20 av
1515 1770 91 28 rege-

100 1803 119 37 ringen
247 1804 196 38 framlagda
472 1807 163 36 förslaget
667 1807 108 39 (prop.
805 1808 73 39 196)
912 1808 178 37 angående
1116 1811 212 35 provisorisk
1356 1812 249 37 avläningsför-

99 1855 179 36 stärkning
299 1854 35 32 åt
356 1856 89 30 vissa
465 1857 341 37 befattningshavare
830 1860 10 29 i
861 1862 127 28 statens
1012 1860 115 36 tjänst,
1149 1864 50 27 att
1217 1862 316 37 löneförstärkning
1553 1866 51 27 ut-

100 1903 60 38 går
183 1907 78 29 med
286 1906 65 30 396
376 1908 129 29 kronor
528 1908 10 29 i
563 1908 258 31 löneklasserna
848 1911 105 29 1—10
979 1911 65 29 och
1069 1912 79 29 med
1170 1912 82 29 dem
1258 1899 24 53 i
1310 1911 97 37 fråga
1434 1923 56 20 om
1514 1914 90 29 löne-

100 1955 125 38 belopp
255 1956 200 37 jämställda
483 1958 351 37 befattningshavare,
866 1964 90 27 samt
987 1964 49 27 att
1066 1961 55 30 för
1150 1962 106 36 högre
1285 1964 169 29 avlönade
1482 1964 123 30 befatt-

100 2005 230 36 ningshavare
355 2007 360 38 löneförstärkningen
739 2011 186 30 successivt
951 2011 155 31 minskas
1130 2012 50 30 till
1205 2013 135 37 belopp,
1367 2023 71 20 som
1464 2014 141 31 föresla-

97 2056 65 35 gits
187 2057 9 29 i
218 2058 268 36 propositionen,
511 2059 79 30 med
613 2060 136 36 hänsyn
773 2064 100 33 tagen
897 2062 50 29 till
972 2065 48 27 att
1043 2063 251 36 barntilläggen
1317 2064 187 31 inarbetats
1529 2065 10 29 i
1562 2066 43 29 de

99 2106 90 31 fasta
211 2108 254 37 lönetilläggen;

144 2157 71 30 dels
237 2168 43 20 en
303 2158 95 31 inom
421 2161 108 29 andra
554 2161 204 30 kammaren
781 2172 41 20 av
847 2163 80 29 herr
950 2163 38 30 K.
1015 2163 37 30 E.
1078 2164 177 30 Senander
1279 2175 43 20 m.
1348 2165 35 30 fl.
1414 2167 95 29 väckt
1533 2176 71 20 mo-

101 2208 80 35 lion,
212 2219 41 20 nr
281 2210 75 34 466,
387 2210 9 30 i
427 2210 113 30 vilken
568 2212 202 36 hemställts,
802 2216 49 26 att
878 2213 185 35 riksdagen
1092 2213 105 31 måtte
1227 2216 144 35 besluta,
1403 2219 49 27 att
1481 2217 122 35 Kungl.

100 2257 117 37 Maj:ts
250 2259 132 36 förslag
412 2270 56 20 om
502 2262 169 29 särskilda
702 2263 207 36 barntillägg
943 2262 35 31 åt
1010 2264 247 35 statstjänarna
1291 2265 111 30 avslås
1435 2270 89 26 samt
1556 2270 50 27 att

98 2308 57 30 det
184 2308 90 30 fasta
306 2310 230 35 lönetillägget
565 2311 54 29 för
650 2312 259 31 löneklasserna
941 2314 105 29 1—12
1075 2314 98 35 höjes
1204 2314 80 30 från
1314 2316 195 36 föreslagna
1544 2318 60 29 180

99 2359 130 30 kronor
257 2368 60 27 per
345 2359 38 31 år
408 2361 50 29 till
487 2362 63 29 300
578 2362 138 35 kronor,
746 2363 54 29 för
829 2364 257 30 löneklasserna
1119 2366 127 29 13-—16
1275 2365 78 30 från
1387 2367 60 31 120
1476 2368 128 29 kronor

99 2411 49 29 till
171 2412 62 29 240
253 2412 129 29 kronor
404 2421 59 27 per
483 2411 39 31 år
540 2416 89 26 samt
648 2413 55 30 för
722 2414 117 36 övriga
862 2415 211 30 löneklasser
1096 2417 60 28 120
1177 2417 130 29 kronor
1326 2426 59 26 per
1406 2416 50 36 år;

143 2461 71 29 dels
242 2462 64 30 ock
329 2472 43 20 en
399 2462 93 30 inom
519 2463 109 30 andra
653 2464 204 30 kammaren
883 2475 43 20 av
951 2466 80 29 herr
1058 2466 35 30 R.
1121 2466 190 37 Lundqvist
1339 2468 99 30 väckt
1463 2468 140 36 motion,
