1838 2782
603 170 390 31 Jordbruksutskottets
1014 169 183 30 memorial
1216 178 43 20 nr
1279 168 51 31 38.

266 257 113 31 Under
407 256 217 41 åberopande
653 266 43 20 av
722 257 65 30 vad
815 255 148 30 sålunda
991 255 134 30 anförts
1153 255 201 29 hemställer
1382 254 180 34 utskottet,

570 309 49 28 att
643 305 186 41 riksdagen
852 306 59 29 må
934 306 135 29 besluta
1090 307 50 28 att
1163 305 52 30 till
1238 305 261 30 höstsessionen
1522 306 78 29 med
1623 305 96 29 inne-

529 358 152 29 varande
702 356 56 30 års
778 356 143 40 riksdag
941 356 193 40 uppskjuta
1154 355 258 39 behandlingen
1433 364 42 21 av
1495 364 87 21 ovan
1603 355 117 40 angiv-

530 416 53 27 na,
602 407 52 30 till
677 407 364 39 jordbruksutskottet
1062 406 191 30 hänvisade
1276 406 163 29 ärenden.

267 474 200 30 Stockholm
492 475 65 29 den
582 473 39 29 18
645 474 72 39 maj
746 472 93 30 1954.

664 574 48 30 På
729 574 380 40 jordbruksutskottets
1129 575 145 38 vägnar:

809 673 35 30 L.
863 672 266 30 TJÄLLGREN.

504 883 62 29 Vid
587 882 95 31 detta
705 881 145 31 ärendes
873 880 285 41 slutbehandling
1180 881 65 30 har
1266 881 173 30 närvarit:

267 952 78 29 från
376 951 166 29 första
572 951 221 29 kammaren:
815 950 125 29 herrar
961 949 187 39 Tjällgren,
1172 948 210 40 Anderberg,
1405 949 89 38 Lage
1518 948 203 39 Svedberg",

222 994 166 34 Näslund,
415 993 107 30 Bertil
548 992 212 34 Andersson,
788 992 190 38 Sundberg,
1006 992 214 33 Eskilsson”,
1246 991 104 34 Nord,
1377 991 87 29 Bror
1490 989 139 31 Nilsson
1657 990 64 31 och

223 1036 229 38 Mossberger;
479 1036 88 29 samt

267 1095 78 29 från
381 1095 153 29 andra
569 1094 222 29 kammaren:
819 1094 123 29 herrar
969 1092 188 31 Gustafson
1185 1093 11 29 i
1222 1092 164 40 Dädesjö,
1413 1092 178 30 Johnsson
1617 1091 12 30 i
1656 1091 65 30 Ka-

222 1137 257 39 stanjegården,
509 1136 173 30 Jacobson
713 1136 12 29 i
755 1135 222 34 Vilhelmina,
1010 1135 201 31 Andersson
1241 1137 11 30 i
1283 1134 172 40 Hyssna”,
1487 1134 234 39 Haggblom”,

222 1179 150 30 Jonsson
390 1179 11 29 i
421 1179 226 30 Strömsund”
669 1179 65 29 och
751 1178 201 30 Pettersson
971 1178 10 29 i
1000 1177 98 36 Dahl,
1118 1178 58 29 fru
1195 1177 168 30 Eriksson
1383 1178 10 29 i
1412 1177 309 32 Hallstahammar,

222 1221 120 30 herrar
363 1221 141 30 Utbult"”
528 1221 63 30 och
611 1220 139 31 Widén.

256 1298 10 9 "
288 1297 33 31 Ej
344 1297 182 24 närvarande
547 1296 46 25 vid
615 1297 190 31 justeringen.

462 2481 104 24 547436.
588 2477 168 25 Stockholm
778 2477 76 25 1954.
876 2478 81 23 Isaac
977 2477 110 24 Marcus
1109 2475 187 32 Boktryckeri
1318 2475 171 31 Aktiebolag
