1904 2858
82 613 132 24 Utskottet.

269 208 39 31 10
720 206 102 28 Andra
846 205 195 36 lagutskottets
1063 203 147 28 utlåtande
1232 212 35 18 nr
1290 201 27 30 5.

268 289 43 31 då
338 288 233 42 pensionsrätt
599 286 86 32 skall
713 285 144 32 inträda.
912 285 77 30 Den
1018 284 139 38 olikhet,
1188 294 74 20 som
1283 282 143 32 sålunda
1444 282 183 31 förefinnes
1642 282 125 31 mellan

268 341 66 31 den
362 340 110 42 gamla
498 337 467 43 fattigvårdsförordningens
994 336 63 31 och
1076 335 66 32 den
1162 346 66 31 nya
1247 334 318 42 fattigvårdslagens
1583 345 47 20 nu
1649 333 118 41 ifråga-

267 392 147 31 varande
449 390 267 38 bestämmelser,
756 400 102 31 synes
895 387 144 33 sålunda
1075 387 104 31 sakna
1215 386 129 41 verklig
1379 386 63 31 och
1477 386 83 31 reell
1587 385 179 31 innebörd.

267 444 69 32 Vid
364 443 120 32 sådant
511 441 212 33 förhållande
751 452 103 31 synes
882 440 68 41 mig
977 439 58 31 det
1062 439 90 31 förut
1179 438 158 42 gällande
1365 437 203 42 stadgandet
1581 437 83 31 böra
1683 438 84 30 åter-

267 496 157 32 införas.»

321 599 118 41 Enligt
477 599 44 30 23
550 596 22 42 &
606 597 12 31 i
653 596 245 41 förordningen
940 595 66 31 den
1042 595 18 31 9
1094 594 74 41 juni
1201 594 93 30 1871
1327 592 173 42 angående
1542 591 225 42 fattigvården

268 651 123 42 gällde,
421 652 50 29 att
498 650 76 37 den,
605 660 73 20 som
715 648 77 42 fyllt
822 648 45 31 60
897 649 45 36 år,
973 646 146 32 därefter
1158 645 138 31 behölle
1337 644 65 32 den
1443 644 220 31 hemortsrätt
1699 643 68 31 han

270 703 43 31 då
340 702 94 42 ägde.

320 747 96 38 Även
444 764 55 21 om
527 753 111 31 denna
665 751 251 37 bestimmelse,
947 751 113 30 såsom
1087 749 213 31 motionären
1328 747 194 38 framhållit,
1545 746 108 31 skulle
1674 746 10 31 i
1708 746 58 31 all-

270 806 138 31 mänhet
436 805 125 31 tolkats
589 806 48 36 så,
667 806 50 29 att
744 814 40 20 en
814 813 125 31 person
958 803 131 29 ansetts
1105 802 60 39 äga
1179 800 223 31 hemortsrätt
1416 800 51 30 för
1482 799 54 31 sin
1551 798 215 31 återstående

269 857 119 32 livstid
420 857 6 31 i
454 856 65 32 den
547 856 173 37 kommun,
742 855 60 31 där
821 854 67 31 han
907 852 326 42 författningsenligt
1252 851 78 31 bort
1349 850 277 31 mantalsskrivas
1641 850 52 31 för
1708 849 59 32 det

270 912 46 36 år,
347 909 108 32 under
481 908 104 31 vilket
612 908 65 30 han
706 906 106 42 fyllde
842 907 46 30 60
917 907 45 36 år,
993 905 60 30 har
1080 904 66 31 den
1173 903 158 42 gällande
1358 901 298 42 fattigvårdslagen
1675 902 11 30 i
1705 901 63 31 allt

269 962 60 30 fall
346 960 109 32 brutit
482 959 77 32 med
587 959 111 31 denna
725 957 145 42 princip.

322 1009 663 44 Fattigvårdslagstiftningskommittén,
1027 1018 76 20 vars
1143 1009 36 29 år
1224 1007 95 30 1915
1366 1005 141 41 avgivna
1551 1004 215 31 betänkande

270 1065 107 41 ligger
403 1064 53 31 till
483 1063 110 41 grund
620 1063 52 30 för
698 1061 157 42 gällande
882 1059 214 42 lagstiftning
1122 1058 11 31 i
1161 1060 124 36 ämnet,
1315 1057 149 41 föreslog
1491 1057 66 30 den
1585 1056 180 31 omformu-

270 1117 110 40 lering
406 1127 40 19 av
474 1114 203 42 stadgandet
703 1114 12 30 i
742 1114 103 40 fråga,
876 1123 73 20 som
977 1111 191 32 sedermera
1196 1109 205 42 lagfästades
1430 1109 63 30 och
1521 1108 112 30 vilken
1661 1109 36 29 är
1725 1118 40 20 av

270 1168 151 42 följande
448 1166 130 43 lydelse
607 1163 59 44 (46
695 1163 47 43 8):
792 1165 107 37 >»Den,
930 1174 73 20 som
1031 1163 77 41 fyllt
1135 1162 109 31 sextio
1273 1163 47 37 år,
1349 1161 65 30 kan
1443 1160 147 31 därefter
1607 1159 74 31 icke
1699 1159 64 31 för-

270 1222 101 29 värva
406 1231 46 30 ny
478 1219 252 31 hemortsrätt.>
789 1217 19 30 I
844 1215 244 41 motiveringen
1117 1214 52 30 till
1197 1212 204 42 stadgandet
1427 1211 189 32 förklarade
1644 1210 121 31 visser-

270 1272 91 41 ligen
398 1270 201 32 kommittén
627 1267 38 43 (s.
699 1267 97 42 272),
826 1270 49 29 att
911 1269 110 39 någon
1049 1265 98 42 giltig
1172 1265 187 40 anledning
1385 1266 50 29 att
1461 1265 82 40 göra
1569 1262 198 42 förändring

271 1322 210 33 beträffande
509 1322 66 31 den
602 1320 264 42 ifrågavarande,
896 1319 106 41 enligt
1033 1318 92 31 1871
1157 1318 54 30 års
1239 1316 200 41 förordning
1464 1314 157 42 gällande
1640 1313 126 32 ålders-

271 1377 147 40 gränsen
446 1374 28 41 ej
505 1375 116 40 syntes
648 1372 174 42 föreligga,
852 1382 76 20 men
947 1369 157 32 framhöll
1123 1368 202 32 kommittén
1345 1367 162 42 därjämte
1526 1365 239 43 uttryckligen,

272 1429 50 29 att
358 1426 66 32 den
461 1424 287 41 omformulering,
779 1434 73 21 som
889 1434 40 19 av
955 1421 201 32 kommittén
1192 1420 103 41 givits
1332 1421 33 29 åt
1392 1418 204 42 stadgandet
1622 1418 12 30 i
1660 1417 104 41 fråga,

272 1477 198 33 tillkommit
505 1477 53 39 för
594 1479 48 29 att
682 1476 88 31 klart
809 1475 162 37 utmärka,
1002 1476 48 28 att
1086 1473 52 31 det
1171 1472 203 38 kalenderår,
1403 1471 104 31 under
1534 1470 97 31 vilket
1658 1470 108 30 veder-

272 1530 141 32 börande
440 1529 77 41 fyllt
545 1531 42 29 60
615 1529 48 37 år,
693 1527 30 41 ej
749 1527 104 31 skulle
892 1525 207 32 medräknas.
1154 1523 75 32 Vad
1270 1523 201 31 kommittén
1508 1522 117 30 härom
1660 1522 108 40 yttrat

272 1583 61 30 har
361 1581 191 32 sedermera
578 1579 57 32 vid
662 1578 280 42 propositionens
969 1575 224 32 utarbetande
1222 1575 64 31 och
1314 1574 108 31 under
1441 1573 158 32 ärendets
1617 1572 149 32 behand-

272 1634 73 41 ling
371 1634 11 30 i
411 1632 181 41 riksdagen
619 1631 74 31 icke
721 1630 100 31 blivit
848 1628 140 32 föremål
1015 1628 52 31 för
1095 1627 144 31 erinran.

324 1686 54 30 Då
406 1685 111 31 denna
545 1683 155 40 tolkning
725 1681 125 42 jämväl
877 1679 171 43 godtagits
1075 1679 12 30 i
1106 1678 347 41 rättstillämpningen
1474 1677 294 40 (kammarrättens

273 1738 114 40 utslag
413 1737 12 30 i
451 1735 163 42 plenimål
645 1734 67 31 den
742 1734 46 30 22
817 1732 184 31 november
1032 1728 120 43 1923),
1182 1740 101 21 anser
1310 1729 177 37 utskottet,
1518 1730 49 29 att
1594 1728 72 31 skäl
1693 1727 75 31 icke

273 1789 163 41 föreligga
472 1788 52 30 till
552 1788 48 30 ett
626 1784 206 42 frångående
861 1795 39 20 av
928 1782 220 42 stadgandets
1175 1781 196 31 nuvarande
1398 1780 142 42 lydelse,
1571 1781 37 29 så
1634 1779 136 42 mycket

274 1841 132 31 mindre
435 1850 73 21 som
536 1840 49 30 ett
611 1836 253 43 framflyttande
891 1847 40 19 av
958 1834 258 41 åldersgränsen
1244 1832 79 31 med
1351 1834 49 29 ett
1427 1834 36 29 år
1481 1832 169 40 knappast
1669 1830 98 31 torde

274 1893 116 31 kunna
416 1892 86 30 hava
528 1892 112 39 någon
667 1900 93 20 mera
787 1886 185 34 nämnvärd
999 1885 176 43 betydelse
1202 1885 53 31 för
1282 1883 255 32 vederbörande
1555 1882 212 42 fattigvårds-

275 1944 199 37 samhällen,
513 1944 81 29 utan
630 1940 235 32 huvudvikten
893 1939 9 31 i
930 1936 220 33 förevarande
1185 1935 197 32 hänseende
1418 1935 98 31 torde
1548 1935 89 41 ligga
1663 1936 104 39 uppå,

275 1998 50 29 att
352 1995 53 32 till
432 1993 212 32 innebörden
672 1992 94 31 klara
792 1990 259 32 bestämmelser
1077 1989 12 31 i
1117 1990 113 29 ämnet
1257 1987 172 41 föreligga.

327 2048 49 30 På
403 2046 110 42 grund
541 2057 40 20 av
607 2044 65 31 vad
700 2043 145 32 sålunda
872 2042 129 31 anförts
1029 2041 50 31 får
1106 2040 168 31 utskottet
1301 2038 190 37 hemställa,

526 2116 50 29 att
602 2112 220 32 förevarande
850 2111 129 31 motion
1007 2110 74 31 icke
1109 2110 103 30 måtte
1231 2108 54 31 till
1304 2109 111 40 någon
1433 2107 200 41 riksdagens
1652 2105 118 42 åtgärd

475 2165 182 32 föranleda.

330 2226 198 33 Stockholm
557 2225 66 32 den
655 2225 43 31 12
728 2223 149 32 februari
909 2223 106 30 1924.

713 2310 50 30 På
790 2308 105 32 andra
922 2307 242 42 lagutskottets
1192 2308 142 39 vägnar:

848 2376 127 32 BROR
1003 2367 196 40 PETRÉN.

330 2464 220 29 Närvarande:
575 2462 38 29 Se
635 2462 103 28 under
760 2460 183 29 utlåtandet
965 2469 38 18 nr
1026 2460 27 27 4.

718 2571 157 28 Stockholm,
896 2571 31 22 K.
946 2570 28 22 L.
993 2569 140 23 Beckmans
1152 2568 97 28 Boktr.,
1271 2568 72 21 1924.
