2246 2630
458 211 20 29 4
906 206 263 34 Statsutskottets
1196 206 177 34 Utlåtande
1394 207 63 32 N:o
1477 209 51 30 10.

551 293 73 35 För
663 293 177 35 vinnande
873 292 40 35 af
942 292 208 44 erforderlig
1176 293 190 43 utredning
1396 293 53 35 uti
1474 290 275 46 ifrågavarande
1775 292 130 34 ärende
1931 291 90 35 hade

419 343 383 45 departementschefen
852 343 165 35 anmodat
1060 343 219 35 direktionen
1324 343 100 35 öfver
1467 343 332 35 folkskolelärarnes
1844 342 173 44 pensions-

418 395 198 44 inrättning
647 397 54 32 att
726 394 178 34 inkomma
930 394 77 34 med
1034 394 59 34 det
1119 395 166 42 yttrande
1312 394 64 35 och
1403 394 133 44 förslag
1562 394 54 34 till
1643 393 150 44 ändring
1819 393 40 34 af
1882 392 23 46 $&
1937 394 43 34 10
2008 393 11 34 i

419 447 231 43 reglementet
688 445 55 34 för
781 442 308 37 småskolelärares
1127 455 44 24 m.
1212 445 33 34 fl.
1288 442 549 44 ålderdomsunderstödsanstalt,
1874 443 146 36 hvartill

419 496 343 44 omständigheterna
789 495 118 34 kunde
934 505 101 24 anses
1062 495 190 35 föranleda.

552 546 19 35 I
610 547 59 34 det
707 543 195 45 utlåtande,
935 546 169 35 hvarmed
1136 546 219 34 direktionen
1387 546 66 34 den
1482 547 20 33 8
1531 545 156 34 sistlidne
1715 544 183 34 december
1923 544 12 34 i
1962 555 56 23 an-

418 597 142 44 ledning
599 597 106 34 häraf
741 596 194 43 inkommit,
975 596 90 35 hade
1097 596 219 35 direktionen
1343 595 296 44 hufvudsakligen
1667 595 127 43 anfört,
1823 597 56 32 att
1905 595 113 34 direk-

418 648 118 34 tionen
572 648 77 34 med
689 647 77 34 stöd
806 647 40 34 af
882 657 141 25 vunnen
1064 646 200 35 erfarenhet
1304 645 181 46 angående
1517 646 267 43 tillämpningen
1818 645 38 34 af
1882 644 22 46 8
1936 647 43 33 10
2007 645 11 34 i

419 699 147 34 berörda
592 698 213 44 reglemente
832 697 84 35 ville
942 708 72 24 som
1041 697 53 34 sin
1121 698 139 43 mening
1286 698 128 42 uttala,
1442 699 53 33 att
1519 707 42 24 en
1586 696 205 44 förändring
1808 695 12 35 i
1838 696 59 34 det
1915 695 103 44 syfte,

420 759 71 24 som
518 749 176 34 motionen
725 746 134 46 afsåge,
893 751 120 41 syntes
1039 758 88 24 vara
1156 748 39 34 af
1218 748 345 44 omständigheterna
1591 747 223 44 synnerligen
1842 744 175 46 påkallad.

422 798 56 45 Ty
516 800 119 34 fastän
675 796 581 37 ålderdomsunderstödsanstalten
1296 799 96 35 varit
1427 799 10 33 i
1467 798 225 35 verksamhet
1719 797 124 34 endast
1870 807 42 23 en
1936 796 84 45 jem-

419 850 182 34 förelsevis
632 850 81 34 kort
744 849 63 43 tid,
840 850 90 33 hade
958 849 219 34 direktionen
1205 850 88 34 dock
1321 849 78 34 haft
1426 852 54 31 att
1507 848 124 44 afgöra
1659 848 153 34 särdeles
1839 848 181 33 ömmande

419 901 74 42 fall,
534 901 62 34 der
634 900 13 34 i
686 899 87 45 följd
815 899 40 35 af
895 902 44 33 10
979 900 231 43 paragrafens
1242 897 274 46 ifrågavarande
1543 899 262 34 bestämmelser
1831 898 189 34 understöd

419 951 168 43 antingen
615 951 73 34 helt
715 951 63 34 och
805 947 110 38 hållet
941 948 90 37 måst
1058 954 128 41 vägras
1213 951 85 34 eller
1326 947 106 38 också
1458 950 137 34 kunnat
1621 949 153 35 tilldelas
1802 949 123 34 endast
1943 949 77 34 med

417 1002 178 34 minskadt
620 1002 134 43 belopp.

551 1049 144 47 Frågan
733 1051 117 36 blefve
886 1049 54 46 då,
973 1051 144 36 hvilken
1144 1051 87 35 form
1259 1052 200 44 lämpligast
1485 1051 106 34 borde
1618 1050 115 45 väljas
1760 1050 55 34 för
1842 1060 43 24 en
1912 1047 109 37 sådan

418 1103 215 44 förändring.

551 1152 57 36 En
634 1153 207 43 förändring
866 1153 12 34 i
906 1153 57 34 det
990 1153 104 43 syfte,
1123 1163 71 24 som
1221 1152 259 35 ofvannämnda
1507 1152 169 34 motioner
1704 1149 165 45 angåfve,
1890 1148 130 47 ansåge

418 1204 220 35 direktionen
665 1201 112 37 såsom
806 1204 67 33 den
901 1204 158 34 enklaste
1087 1203 64 35 och
1178 1207 87 31 mest
1292 1203 227 44 tillförlitliga
1546 1205 166 41 utvägen.

550 1254 57 35 En
647 1254 76 35 med
763 1254 189 43 anledning
990 1254 40 34 af
1058 1255 93 33 1893
1184 1252 57 36 års
1269 1254 179 44 uppgifter
1473 1253 172 44 uppgjord
1673 1253 108 34 tabell
1808 1251 100 35 öfver
1935 1249 84 37 små-

418 1304 374 45 skoleläraretjenster,
834 1304 148 45 tjenster
1022 1305 59 35 vid
1122 1304 132 35 mindre
1294 1304 192 35 folkskolor
1525 1307 91 32 samt
1652 1303 209 35 biträdande
1892 1303 128 34 lärare-

418 1356 149 45 tjenster
607 1356 60 35 vid
706 1355 195 35 folkskolor
939 1356 90 34 inom
1073 1357 45 33 27
1160 1355 221 35 skoldistrikt
1412 1355 11 34 i
1456 1353 104 36 Stora
1592 1353 253 44 Kopparbergs
1871 1353 58 34 län
1957 1353 63 34 och

417 1407 92 34 inom
545 1408 43 33 17
622 1406 222 35 skoldistrikt
873 1406 91 34 inom
991 1405 201 36 Jemtlands
1218 1407 70 42 län,
1316 1406 12 33 i
1355 1406 122 34 hvilka
1506 1406 66 33 den
1599 1402 113 46 årliga
1739 1403 281 44 undervisnings-

418 1457 96 34 tiden
555 1457 115 43 belöpt
705 1457 53 43 sig
788 1457 56 33 till
875 1456 133 35 mindre
1035 1460 45 31 än
1109 1458 20 33 8
1157 1454 336 37 kalendermånader
1520 1456 85 34 eller
1632 1454 102 45 34'/;
1762 1455 141 42 veckor,
1931 1454 89 35 utvi-

417 1508 93 43 sade,
531 1510 52 32 att
604 1508 136 34 antalet
757 1507 413 44 undervisningstimmar
1189 1507 12 34 i
1215 1508 137 34 veckan
1367 1507 55 34 för
1436 1507 69 34 alla
1520 1507 101 34 dessa
1636 1505 149 44 tjenster
1800 1504 220 44 väsentligen

418 1558 200 44 öfverstigit
636 1558 58 34 det
712 1558 12 34 i
742 1558 231 44 reglementet
987 1558 179 34 bestämda
1181 1558 268 34 minimiantalet
1465 1559 58 41 20,
1538 1556 179 36 äfvensom
1733 1558 52 32 att
1802 1554 218 36 beträffande

417 1608 154 35 flertalet
600 1608 39 35 af
663 1608 149 45 tjenster
839 1609 60 34 det
925 1609 261 43 sammanlagda
1214 1609 200 34 timantalet
1441 1608 55 34 för
1522 1605 77 37 året
1626 1606 228 36 öfverskridit
1881 1607 82 34 690.

551 1658 56 35 Af
631 1659 41 34 de
699 1659 12 34 i
737 1659 154 35 tabellen
918 1662 181 41 upptagna
1120 1661 70 33 278
1211 1657 488 45 småskoleläraretjensterna
1714 1657 91 35 hade
1821 1656 201 35 timantalet

418 1709 54 35 för
511 1707 77 38 året
628 1707 145 37 sålunda
806 1710 150 34 allenast
986 1709 220 35 beträffande
1238 1711 46 33 82
1313 1709 149 45 tjenster
1487 1708 213 44 understigit
1728 1709 84 41 690,
1841 1707 64 35 och
1932 1707 90 34 hade

417 1760 59 35 vid
508 1761 100 34 dessa
642 1760 191 35 detsamma
867 1758 149 46 uppgått
1042 1761 56 34 för
1125 1762 23 33 4
1175 1760 149 45 tjenster
1350 1760 56 34 till
1434 1761 82 42 600,
1545 1759 55 34 för
1628 1761 20 32 3
1677 1758 150 45 tjenster
1854 1758 55 34 till
1936 1759 84 41 616,

416 1810 54 35 för
499 1813 20 33 2
547 1810 150 44 tjenster
723 1811 54 34 till
806 1812 84 42 650,
918 1811 54 34 för
1001 1812 45 34 72
1075 1810 148 45 tjenster
1250 1811 53 34 till
1333 1812 71 33 672
1433 1810 63 35 och
1524 1809 55 35 för
1606 1820 42 23 en
1675 1809 110 44 tjenst
1811 1808 55 35 till
1894 1809 82 33 675.

551 1861 56 35 Af
630 1862 42 34 de
698 1861 12 34 i
737 1862 197 34 tabellerna
961 1864 180 42 upptagna
1171 1863 45 33 35
1244 1860 313 45 läraretjensterna
1585 1860 59 35 vid
1671 1860 133 34 mindre
1832 1859 192 34 folkskolor

417 1912 87 44 egde
531 1912 184 35 enahanda
742 1910 220 37 förhållande
988 1923 77 24 rum
1094 1912 148 35 allenast
1270 1911 219 36 beträffande
1518 1913 20 33 2
1567 1910 159 46 tjenster,
1755 1910 55 34 för
1827 1910 123 35 hvilka
1965 1909 59 35 det

415 1960 113 47 årliga
556 1963 203 34 timantalet
784 1961 153 46 uppgått
964 1963 53 35 till
1045 1965 84 33 672.

550 2012 53 36 Af
640 2014 41 34 de
713 2013 13 35 i
757 2013 197 35 tabellerna
985 2016 182 42 upptagna
1201 2015 44 33 27
1275 2013 209 35 biträdande
1509 2012 316 45 läraretjensterna
1852 2011 60 36 vid
1938 2011 86 35 folk-

416 2063 99 35 skola
543 2074 85 26 vore
655 2064 59 34 det
742 2064 124 34 endast
893 2064 55 35 för
975 2066 34 42 2,
1037 2074 73 25 som
1137 2061 112 47 årliga
1277 2064 201 34 timantalet
1503 2063 212 44 understigit
1744 2063 84 43 690,
1848 2061 64 35 och
1935 2062 89 34 hade

417 2113 59 35 det
504 2113 56 36 för
587 2115 76 34 dem
690 2114 139 45 utgjort
857 2116 84 34 672.

551 2164 129 36 Denna
719 2165 221 44 redogörelse
973 2165 121 36 visade
1126 2163 146 46 således,
1301 2168 56 31 att
1384 2165 59 35 vid
1470 2164 154 35 flertalet
1651 2163 39 35 af
1714 2163 42 34 de
1783 2162 160 45 tjenster,
1971 2162 55 35 för

415 2214 123 35 hvilka
567 2217 78 34 med
672 2215 130 44 Kongl.
832 2215 127 46 Maj:ts
986 2216 100 34 bifall
1112 2216 372 43 undervisningstiden
1511 2215 158 34 nedsatts
1695 2213 111 35 under
1833 2213 66 34 den
1926 2212 101 45 eljest

414 2264 192 47 minimala,
648 2267 136 35 antalet
823 2266 419 45 undervisningstimmar
1280 2267 13 34 i
1334 2267 66 34 allt
1440 2265 63 36 fall
1541 2264 220 45 väsentligen
1801 2263 227 37 öfverskridit
