2168 2585
722 156 231 33 Statsutskottets
982 156 150 33 Utlåtande
1157 157 57 31 N:o
1238 156 27 31 9.
1759 153 37 32 57

699 243 53 31 att
791 237 209 46 Riksdagen
1033 235 69 45 må,
1130 236 11 35 i
1168 235 117 36 likhet
1311 234 85 36 med
1422 233 98 37 hvad
1547 231 59 37 för
1633 231 39 36 år
1701 234 95 34 1903

597 294 63 41 ägt
690 303 93 32 rum,
810 289 57 35 till
894 286 236 38 bestridande
1157 285 41 37 af
1220 286 241 36 kostnaderna
1480 284 68 49 för
1575 283 74 36 viss
1676 283 121 35 utred-

597 341 87 46 ning
711 341 154 35 rörande
892 338 241 37 ecklesiastika
1160 336 184 45 boställen,
1372 335 47 49 på
1446 339 105 33 extra
1577 338 73 32 stat
1675 333 58 36 för
1759 333 41 35 år

600 393 96 34 1904
723 390 134 46 bevilja
885 394 51 32 ett
961 388 286 47 förslagsanslag
1274 387 21 36 å
1324 388 131 44 10,000
1483 387 149 35 kronor.

299 491 121 48 104:0)
460 492 119 36 Sedan
623 493 93 34 1902
759 491 56 35 års
854 490 163 45 Riksdag
1047 490 13 35 i
1091 489 202 45 anledning
1320 487 41 36 af
1384 487 134 45 Kungl.
1546 486 117 46 Maj:ts
1689 486 108 36 fram-

195 544 182 47 ställning
416 543 118 35 såsom
565 542 134 45 bidrag
724 542 59 34 till
809 540 278 36 fullbordandet
1114 538 41 36 af
1178 539 71 35 den
1276 543 99 43 yttre
1401 537 285 48 restaureringen
1714 537 87 45 utaf

197 594 174 36 Dalhems
410 594 111 46 kyrka
559 591 48 48 på
647 591 197 44 Gottland,
877 592 12 35 i
916 590 162 46 enlighet
1115 589 85 35 med
1241 589 44 35 de
1320 595 168 29 närmare
1525 587 274 36 bestämmelser

196 644 135 48 Kungl.
371 643 100 46 Maj:t
510 642 125 36 kunde
674 643 101 34 finna
815 641 90 46 godt
944 640 179 45 meddela,
1163 640 153 44 beviljat
1356 643 52 32 ett
1446 638 129 46 anslag
1602 636 40 36 af
1666 639 131 42 37,000

195 696 139 34 kronor
373 694 67 35 och
468 693 109 36 däraf
599 693 48 46 på
675 698 106 31 extra
808 697 71 31 stat
906 690 58 37 för
990 690 40 36 år
1060 692 94 34 1903
1183 691 146 35 anvisat
1356 694 52 31 ett
1433 689 136 47 belopp
1597 687 41 36 af
1664 689 133 45 18,500

195 746 148 41 kronor,
375 744 119 36 under
520 744 138 36 villkor
685 748 53 31 att
764 742 174 36 Dalhems
965 741 218 46 församling
1206 741 150 47 jämlikt
1383 739 63 36 sitt
1473 739 20 36 å
1520 738 278 48 kyrkostämma

196 795 70 36 den
308 797 45 34 29
382 795 71 46 juli
483 796 92 35 1901
606 793 141 37 fattade
774 794 121 35 beslut
922 792 77 36 dels
1027 792 203 36 ansvarade
1258 790 58 37 för
1344 791 83 35 hela
1453 790 71 36 den
1552 789 118 47 öfriga
1696 789 101 36 kost-

195 846 132 45 naden,
354 846 77 36 dels
459 847 68 34 ock
554 844 191 46 samtidigt
771 845 73 34 läte
871 842 125 37 utföra
1023 843 68 36 och
1118 843 154 35 bekosta
1300 842 44 35 de
1371 842 11 34 i
1409 841 163 47 kyrkans
1599 840 80 36 inre
1698 847 99 28 ännu

195 896 230 37 återstående
463 896 261 35 konstarbeten
763 899 95 31 samt
897 892 59 37 för
988 893 112 47 öfrigt
1125 892 107 46 åtoge
1260 892 56 46 sig
1342 892 161 48 bestyret
1530 891 84 35 med
1642 890 67 36 och
1737 903 61 22 an-

196 952 122 32 svaret
355 946 59 36 för
449 946 313 46 restaureringens
789 944 117 35 solida
934 944 66 35 och
1029 942 151 45 värdiga
1206 942 207 43 utförande,
1441 942 65 34 har
1533 941 135 45 Kungl.
1695 940 103 45 Maj:t

195 1011 51 22 nu
285 996 191 47 föreslagit
514 996 211 45 Riksdagen
762 999 54 30 att
843 993 118 36 såsom
989 993 131 42 bidrag
1146 993 58 35 till
1230 991 282 37 fullbordandet
1539 990 40 36 af
1602 990 69 36 den
1699 995 98 43 yttre

194 1048 294 44 restaureringen
517 1046 83 36 utaf
624 1046 174 35 Dalhems
826 1045 118 47 kyrka
969 1044 48 46 på
1044 1042 175 38 Gottland
1249 1043 47 48 på
1324 1047 105 31 extra
1456 1047 72 30 stat
1554 1041 58 36 för
1640 1041 39 36 år
1701 1042 95 35 1904

195 1099 129 36 anvisa
351 1098 207 36 återstoden
586 1096 40 36 af
651 1097 61 35 det
739 1095 182 48 beviljade
949 1095 172 45 anslaget,
1148 1095 89 35 eller
1266 1095 131 43 18,500
1425 1094 146 34 kronor.

295 1148 233 37 Beträffande
569 1148 69 35 den
667 1148 12 34 i
707 1146 149 36 ärendet
884 1145 171 36 lämnade
1082 1145 245 45 utredningen
1355 1143 57 36 får
1438 1143 180 36 utskottet
1645 1143 154 36 hänvisa

196 1201 55 35 till
280 1199 412 46 statsrådsprotokollet,
720 1197 64 36 sid.
818 1198 64 34 256
902 1198 118 34 -—258.

297 1301 187 36 Utskottet
510 1299 224 46 hemställer,

696 1354 53 30 att
790 1347 209 48 Riksdagen
1036 1345 59 37 må
1126 1345 40 37 af
1190 1345 102 38 förut
1319 1344 177 49 beviljadt
1523 1344 129 45 anslag
1678 1342 119 38 såsom

594 1400 132 44 bidrag
765 1399 58 35 till
863 1397 280 37 fullbordandet
1182 1396 41 36 af
1259 1396 70 36 den
1370 1401 97 43 yttre
1504 1395 290 45 restaureringen

595 1449 83 37 utaf
714 1449 173 36 Dalhems
927 1449 119 44 kyrka
1073 1447 45 48 på
1155 1446 179 37 Gottland
1366 1446 45 48 på
1442 1451 104 30 extra
1573 1451 72 30 stat
1672 1443 58 38 för
1757 1444 40 36 år

598 1503 95 33 1904
722 1501 126 35 anvisa
875 1498 216 45 återstoden,
1122 1500 130 42 18,500
1280 1498 147 35 kronor.

299 1600 117 48 105:0)
459 1601 51 37 På
549 1600 121 48 grund
708 1600 39 37 af
779 1601 131 47 Kungl.
939 1599 117 48 Maj:ts
1085 1599 128 36 därom
1241 1597 131 47 gjorda
1398 1597 275 47 framställning
1699 1596 96 36 hem-

195 1656 126 35 ställer
349 1655 187 43 utskottet,

695 1707 54 31 att
777 1701 216 47 Riksdagen,
1022 1701 9 34 i
1060 1700 115 35 likhet
1202 1699 84 35 med
1312 1698 97 37 hvad
1428 1698 57 36 för
1502 1698 185 45 åtskilliga
1705 1696 90 35 före-

595 1753 139 47 gående
774 1752 40 36 år
854 1758 61 39 ägt
955 1764 91 30 rum,
1087 1750 60 35 må
1176 1750 142 45 jämväl
1344 1749 57 35 för
1428 1749 40 35 år
1498 1749 94 34 1904
1620 1747 45 47 på
1693 1752 105 31 extra

594 1809 74 30 stat
694 1803 134 46 bevilja
856 1807 51 31 ett
934 1803 133 46 belopp
1096 1800 40 36 af
1160 1802 107 40 2,000
1291 1800 138 35 kronor
1447 1800 55 34 till
1524 1799 148 36 svenska
1685 1798 109 48 forn-

595 1854 310 48 skriftsällskapet.

298 1954 120 48 106:0)
458 1955 82 37 Med
581 1954 201 47 anledning
822 1953 39 36 af
886 1952 136 48 Kungl.
1050 1952 118 46 Maj:ts
1197 1952 128 35 därom
1354 1950 129 48 gjorda
1511 1948 283 45 framställning,

195 2008 211 35 hemställer
434 2007 187 43 utskottet,

695 2061 52 30 att
788 2054 218 45 Riksdagen,
1048 2054 9 34 i
1098 2052 116 36 likhet
1249 2051 84 37 med
1371 2051 96 37 hvad
1504 2050 59 36 för
1590 2050 108 36 hvart
1725 2049 68 35 och

594 2112 52 30 ett
679 2105 40 36 af
742 2105 83 36 åren
859 2106 245 33 1901—1903
1134 2110 61 39 ägt
1225 2116 92 31 rum,
1344 2101 59 35 må
1429 2101 47 47 på
1505 2106 107 30 extra
1638 2105 72 31 stat
1736 2099 58 36 för

595 2157 40 36 år
665 2158 95 34 1904
789 2155 136 47 bevilja
952 2160 52 30 ett
1031 2154 132 47 belopp
1192 2153 41 35 af
1258 2154 132 43 50,000
1418 2153 146 43 kronor,
1592 2156 55 30 att
1669 2151 124 35 ställas

594 2208 59 35 till
692 2207 197 48 styrelsens
929 2204 57 36 för
1025 2205 170 36 nordiska
1237 2210 131 29 museet
1409 2202 218 45 förfogande
1655 2199 58 37 för
1740 2205 54 30 att

295 2271 63 27 Bih.
377 2271 40 27 till
436 2271 94 27 Riksd.
551 2271 71 25 Prot.
647 2271 81 25 1903.
764 2270 17 25 4
799 2269 82 26 Saml.
923 2269 11 24 1
955 2268 68 33 Afd.
1059 2269 18 23 9
1097 2268 79 32 Hift.
1678 2264 17 26 8

1865 483 66 31 Ang.

1816 516 165 30 restaurering

1816 552 26 22 af
1858 549 116 25 Dalhems

1856 584 83 31 kyrka.

1842 624 113 49 [101.]

1863 1609 65 30 Ang.

1845 1643 100 23 svenska

1824 1676 137 24 fornskrift-

1825 1710 138 30 sällskapet.

1841 1751 111 49 [102]

1861 1956 64 28 Ang.

1841 1988 112 24 nordiska

1843 2025 99 20 mnseet.

1838 2062 113 49 [103.]
