2224 2632
447 201 17 27 2
902 195 263 33 Statsutskottets
1188 195 175 32 Memorial
1385 196 63 32 N:o
1470 198 49 30 39.

537 280 72 36 För
653 278 144 48 frågans
842 281 193 44 afgörande
1080 290 126 35 genom
1247 291 198 34 gemensam
1486 280 217 45 omröstning
1741 279 56 37 får
1835 283 183 35 utskottet

405 329 126 37 föreslå
558 331 154 45 följande
739 331 413 45 voteringsproposition:

542 431 113 45 »Den,
697 442 83 33 som,
813 432 12 35 i
851 433 112 35 likhet
989 433 76 34 med
1093 431 128 35 Första
1248 430 229 45 Kammaren,
1504 432 74 43 vill,
1607 434 55 32 att
1688 431 218 46 Riksdagen,
1936 434 78 34 med

404 482 99 35 bifall
529 482 52 35 till
610 482 131 45 Kongl.
762 482 126 45 Maj:ts
906 482 271 45 framställning,
1198 482 205 44 medgifver,
1424 482 58 35 det
1497 482 198 44 aflöningen
1708 482 54 35 till
1776 483 237 44 bevaknings-

404 533 266 35 befälhafvaren
698 533 59 35 vid
784 532 426 46 tvångsarbetsanstalten
1236 533 11 34 i
1273 531 229 46 Norrköping
1529 533 54 34 för
1610 533 96 34 tiden
1733 530 78 37 från
1840 535 66 34 och
1934 534 76 34 med

405 580 40 37 år
488 585 92 33 1899
621 584 208 34 bestämmes
869 584 54 35 till
956 586 109 40 2,000
1092 584 131 34 kronor
1249 581 110 36 såsom
1387 583 57 34 lön
1472 583 63 35 och
1562 581 243 47 ålderstillägg
1831 585 77 34 med
1939 586 75 34 300

404 633 129 35 kronor
560 634 91 35 efter
678 634 67 35 fem
773 635 63 34 och
863 635 208 43 ytterligare
1101 635 72 34 200
1201 634 129 34 kronor
1357 633 91 35 efter
1474 634 49 34 tio
1549 631 52 47 år,
1629 636 116 32 röstar

1176 733 66 46 Ja;

536 833 92 45 Den,
657 835 59 35 det
742 835 31 45 ej
804 835 72 44 vill,
903 838 115 32 röstar

1162 935 86 46 Nej;

534 1035 140 36 Vinner
711 1035 83 47 Nej,
831 1037 66 35 har
928 1036 215 45 Riksdagen,
1172 1037 11 34 i
1210 1037 111 35 likhet
1348 1037 76 35 med
1453 1035 126 36 Andra
1606 1034 227 46 Kammaren,
1861 1036 151 35 beslutit

401 1089 54 32 att
482 1087 77 34 icke
586 1087 122 35 bifalla
736 1087 130 45 Kongl.
896 1087 125 45 Maj:ts
1048 1087 260 45 framställning
1334 1088 12 34 i
1373 1091 149 32 ämnet.»

536 1185 202 37 Stockholm
765 1189 66 33 den
859 1190 23 32 4
909 1199 92 24 mars
1031 1190 106 33 1898.

933 1287 51 36 På
1011 1290 283 34 statsutskottets
1321 1293 151 42 vägnar:

973 1388 110 36 CHR.
1112 1388 326 38 LUNDEBERG.
