1874 2792
297 143 114 30 Andra
431 142 200 30 kammarens
649 141 16 38 f
707 152 17 18 ör
735 141 62 30 sta
817 139 161 39 tilfällga
998 139 136 30 utskotts
1152 138 165 31 utlåtande
1338 146 39 21 nr
1395 140 28 28 2.
1584 136 17 30 1

789 358 62 39 Nr
870 357 48 40 2.

618 463 128 30 Ankom
762 462 49 32 till
827 462 186 38 riksdagens
1028 460 105 31 kansli
1147 460 64 31 den
1226 459 18 30 8
1259 469 88 21 mars
1361 459 79 29 1945
1455 458 40 30 kl.
1513 458 16 29 1
1545 466 56 22 em.

276 573 115 29 Andra
413 572 201 30 kammarens
633 571 157 38 första
811 569 164 39 tillfälliga
993 569 140 30 utskotts
1153 568 179 36 utlåtande,
1352 576 41 20 nr
1412 569 31 38 2,
1462 567 13 30 i
1493 565 109 30 anled-

434 625 80 39 ning
528 635 39 20 av
581 625 92 30 väckt
689 624 120 31 motion
820 623 165 38 angående
999 622 177 38 utredning
1190 631 50 21 om
1254 620 154 38 åtgärder
1419 621 53 37 för
1484 619 119 31 drunk-

434 679 281 38 ningsolyckornas
733 677 225 38 bekämpande.

201 788 15 29 I
239 797 40 21 en
300 787 87 30 inom
408 786 103 31 andra
531 786 186 30 kammaren
737 784 96 32 väckt
853 785 59 30 och
932 784 53 31 till
1005 784 71 31 dess
1098 783 103 30 första
1221 782 167 38 tillfälliga
1407 781 124 32 utskott
1552 780 53 30 för
1632 772 151 25 Motionen.

117 840 195 39 behandling
333 840 158 31 hänvisad
511 839 130 37 motion,
662 849 42 20 nr
724 839 50 37 46,
797 849 40 20 av
857 838 57 30 fru
935 837 181 39 Nordgren,
1139 836 63 31 har
1221 836 120 40 yrkats,
1364 839 49 26 att
1436 833 168 39 riksdagen

119 895 97 31 måtte
241 894 126 31 besluta
389 894 150 31 skrivelse
562 893 53 30 till
638 892 122 38 Kungl.
784 891 102 38 Maj:t
910 890 73 33 med
1006 890 141 39 begäran
1170 900 51 20 om
1242 889 177 38 utredning
1441 887 162 39 angående

118 948 85 31 vilka
225 947 156 39 åtgärder
403 957 66 21 som
492 947 113 30 kunna
628 946 58 31 och
710 945 78 32 böra
809 944 151 40 vidtagas
983 945 55 30 för
1059 942 395 38 drunkningsolyckornas
1476 940 128 31 bekäm-

118 1001 105 38 pande
242 1002 42 37 på
304 1001 78 31 bred
401 1001 85 30 basis
502 1005 82 26 samt
602 1000 169 31 hemställa
791 1002 48 29 att
860 999 121 38 Kungl.
1003 998 104 38 Maj:t
1125 997 101 31 måtte
1245 997 53 30 för
1318 995 168 38 riksdagen
1507 995 96 30 fram-

117 1056 96 37 lägga
229 1055 41 31 de
289 1055 128 38 förslag,
437 1054 109 31 vartill
564 1053 218 38 utredningen
800 1052 176 34 eventuellt
993 1051 65 31 kan
1075 1050 178 31 föranleda.

200 1107 212 32 Beträffande
429 1107 233 38 motiveringen
681 1107 55 30 får
755 1106 156 32 utskottet
930 1105 137 31 hänvisa
1083 1105 52 30 till
1154 1104 171 31 motionen.

201 1213 83 33 Över
306 1215 162 31 motionen
490 1215 60 31 har
571 1214 158 31 utskottet
752 1215 11 30 i
784 1212 201 39 vederbörlig
1007 1212 141 39 ordning
1169 1211 162 32 inhämtat
1354 1210 154 38 yttrande
1529 1210 73 30 från
1627 1215 163 25 Yttranden.

117 1269 308 38 skolöverstyrelsen.
442 1269 173 38 Härjämte
629 1268 60 31 har
705 1268 155 31 utskottet
873 1267 105 33 berett
993 1266 133 31 svenska
1140 1264 394 38 livräddningssällskapet
1546 1264 57 31 och

115 1322 267 38 simfrämjandet
394 1322 131 32 tillfälle
538 1325 50 28 att
601 1325 92 34 yttra
706 1322 51 37 sig
769 1323 76 29 över
858 1320 170 31 motionen.
1055 1320 110 38 Bägge
1179 1320 40 31 de
1234 1318 200 32 sistnämnda
1448 1327 155 21 samman-

117 1377 231 37 slutningarna
363 1376 82 31 hava
463 1376 94 30 också
572 1375 52 31 till
639 1375 157 32 utskottet
813 1374 168 32 inkommit
997 1373 72 31 med
1085 1373 152 38 yttrande
1253 1376 11 30 i
1278 1372 144 32 ärendet.

202 1430 312 38 Skolöverstyrelsen
536 1429 137 37 erinrar,
698 1432 49 28 att
771 1428 233 38 överstyrelsen
1027 1427 11 30 i
1062 1431 47 27 ett
1130 1426 65 31 den
1218 1427 40 29 26
1282 1425 144 31 februari
1452 1425 81 30 1944
1555 1424 48 31 till

119 1483 102 31 andra
240 1483 202 31 kammarens
461 1483 103 30 första
584 1482 168 38 tillfälliga
769 1481 125 31 utskott
911 1480 125 38 avgivet
1056 1479 153 39 yttrande
1228 1478 166 40 angående
1413 1482 120 27 tvenne
1550 1478 55 31 vid

120 1537 81 30 1944
216 1537 53 30 års
284 1536 134 38 riksdag
431 1536 117 30 väckta
563 1535 158 31 motioner
733 1534 166 38 angående
912 1533 245 39 möjligheterna
1170 1537 50 28 att
1233 1532 158 31 förbättra
1407 1533 52 31 det
1472 1531 133 32 svenska

119 1590 119 31 folkets
254 1588 250 39 simkunnighet,
522 1588 98 32 bland
638 1596 101 27 annat
757 1597 115 28 genom
888 1587 170 31 införande
1074 1598 39 20 av
1129 1585 238 32 bestämmelser
1383 1595 51 21 om
1451 1584 153 39 obligato-

119 1644 66 31 risk
201 1643 297 38 simundervisning
513 1643 53 30 för
579 1642 127 31 landets
720 1641 218 42 skolungdom,
954 1640 153 39 utförligt
1122 1640 168 38 redogjort
1305 1641 52 30 för
1371 1639 105 31 denna
1490 1639 115 30 under-

118 1697 145 38 visnings
282 1696 190 32 nuvarande
492 1696 195 38 omfattning
706 1696 59 31 och
786 1696 11 30 i
815 1694 158 32 samband
993 1693 132 32 därmed
1143 1694 273 37 undervisningen
1438 1694 9 30 i
1467 1692 137 32 livrädd-

117 1751 89 38 ning.
223 1751 158 30 Härefter
394 1751 98 30 anför
506 1750 247 38 överstyrelsen
737 1746 18 48 :

204 1849 51 30 Då
278 1848 234 37 undervisning
533 1849 10 29 i
564 1847 142 39 simning
724 1848 58 30 och
805 1846 210 38 livräddning
1034 1847 100 30 måste
1154 1855 91 21 anses
1265 1855 67 20 som
1355 1845 53 31 det
1431 1845 175 29 förnämsta

119 1893 117 30 medlet
256 1893 11 29 i
287 1893 136 37 kampen
441 1897 66 26 mot
527 1891 384 38 drunkningsolyckorna,
932 1900 95 28 synes
1046 1891 54 30 det
1119 1890 235 37 överstyrelsen
1373 1890 160 40 önskvärt,
1555 1899 50 20 om

119 1937 190 38 ytterligare
339 1937 152 37 åtgärder
519 1936 109 31 kunde
655 1936 148 37 vidtagas
832 1936 54 29 för
914 1939 50 27 att
991 1934 212 32 effektivisera
1233 1934 106 31 denna
1367 1934 238 36 undervisning.

121 1982 150 38 Speciellt
293 1982 102 37 gäller
416 1981 90 31 detta
529 1980 233 38 undervisning
783 1980 55 31 vid
862 1980 80 30 folk-
967 1980 56 30 och
1046 1979 396 36 småskoleseminarierna,
1467 1988 64 21 som
1555 1979 52 29 för

120 2027 205 31 närvarande
343 2027 43 37 på
404 2026 109 37 grund
531 2037 38 19 av
587 2026 104 31 lokala
708 2024 274 38 omständigheter
998 2025 58 30 och
1073 2024 131 37 knappa
1223 2024 112 38 anslag
1352 2023 68 31 icke
1438 2025 37 29 är
1492 2023 113 37 tillfyl-

120 2072 65 30 lest.
207 2072 120 30 Genom
346 2072 61 36 god
424 2070 231 37 undervisning
674 2072 9 29 i
702 2070 106 31 denna
827 2069 101 32 idrott
945 2088 43 4 —
1006 2069 174 31 förvärvad
1198 2069 104 30 under
1318 2067 288 38 utbildningstiden

120 2135 39 3 —
179 2117 102 29 skulle
301 2116 197 30 folkskolans
516 2116 104 30 lärare
640 2115 144 31 effektivt
801 2115 109 30 kunna
929 2113 174 31 medverka
1123 2115 10 29 i
1151 2114 137 36 kampen
1308 2118 62 26 mot
1390 2113 215 35 drunknings-

118 2160 179 37 olyckorna.

205 2203 239 38 Överstyrelsen
470 2204 111 30 finner
604 2203 54 31 det
681 2203 189 38 uppenbart,
895 2207 49 26 att
968 2203 53 30 vid
1046 2212 38 20 en
1108 2203 159 29 eventuell
1290 2201 175 37 utredning
1487 2201 116 35 jämväl

121 2248 103 31 andra
253 2249 152 36 åtgärder
431 2250 41 28 än
500 2259 38 20 en
565 2248 197 36 förbättring
787 2258 39 20 av
849 2247 336 36 simundervisningen
1211 2247 56 30 vid
1293 2246 148 30 skolorna
1467 2245 74 32 böra
1567 2256 37 19 av

120 2293 331 36 utredningsmännen
469 2293 177 36 övervägas.
1356 2289 2 3 |

204 2385 143 30 Svenska
370 2383 393 37 Uvräddwingssällskapet
788 2381 186 30 framhåller
997 2381 7 30 i
1027 2380 59 31 sitt
1107 2379 163 38 yttrande,
1295 2384 46 26 att
1365 2379 38 31 de
1423 2379 151 36 åtgärder
1598 2381 6 29 i

121 2441 113 35 ämnet,
255 2448 67 20 som
340 2437 115 30 hittills
474 2436 153 37 vidtagits
648 2436 70 29 från
737 2434 263 31 statsmakternas
1015 2434 70 30 sida
1104 2435 7 29 i
1131 2434 70 31 vårt
1217 2433 85 38 land,
1322 2433 81 30 hava
1422 2432 66 30 dels
1508 2432 96 31 inrik-

162 2501 129 36 Bihang
311 2500 49 30 till
379 2499 183 37 riksdagens
579 2499 157 37 protokoll
758 2500 85 27 1943.
867 2501 34 25 13
919 2497 89 29 saml.
1032 2500 11 25 1
1063 2496 69 30 avd.
1153 2496 46 29 Nr
1215 2498 90 29 2—1.
1594 2497 6 27 J
