1896 2800
279 163 19 30 2
423 164 117 31 Andra
560 164 203 32 kammarens
793 165 161 38 första
985 165 171 39 tillfälliga
1175 167 143 30 utskotts
1338 167 172 32 utlåtande
1532 177 40 21 nr
1592 172 28 27 8.

282 253 72 39 gått
378 253 78 32 från
479 254 100 36 detta,
604 254 59 31 och
686 257 49 29 att
759 254 236 38 skriftspråket
1018 256 83 29 även
1124 254 103 32 delvis
1249 255 61 31 har
1334 259 47 28 ett
1404 261 102 27 annat
1530 257 153 31 ändamål
1705 257 61 31 och

280 316 112 21 annan
410 306 267 39 verkningskrets
696 308 43 30 än
757 307 191 39 talspråket.
968 308 65 32 Det
1051 309 38 30 är
1108 318 40 21 av
1167 308 69 32 vikt
1256 312 50 28 att
1325 309 164 32 tillträdet
1508 309 53 31 till
1580 320 40 21 en
1641 310 125 39 föregå-

280 359 83 32 ende
381 360 67 31 tids
467 360 11 30 i
495 360 101 32 skrift
614 360 164 39 nedlagda
797 361 60 30 och
876 361 197 32 förvärvade
1093 361 113 40 odling
1224 362 69 31 icke
1313 372 116 29 genom
1448 363 182 38 ändringar
1649 364 12 30 i
1680 367 86 28 orto-

280 413 132 39 grafien
431 413 178 39 väsentligt
629 414 167 31 försvåras
816 414 53 31 för
889 414 62 31 den
971 418 89 28 stora
1080 415 53 31 del
1152 425 40 21 av
1212 425 39 21 en
1271 425 46 29 ny
1337 417 201 38 generation,
1558 427 68 20 som
1645 418 30 37 ej
1697 418 38 30 är
1755 417 11 30 i

279 466 135 32 tillfälle
432 470 49 28 att
499 467 112 31 skaffa
628 467 49 39 sig
695 477 40 21 en
753 477 90 22 mera
861 468 212 39 djupgående
1090 468 262 40 språkbildning.
1372 470 53 30 Av
1443 470 128 38 mycket
1589 473 68 28 stor
1676 471 90 37 bety-

278 519 87 32 delse
386 521 37 30 är
442 520 95 31 också
557 523 50 29 att
626 520 130 39 hänsyn
775 524 93 35 tages
889 521 52 31 till
961 525 50 28 att
1032 521 40 32 de
1092 521 271 40 skriftspråkliga
1383 523 383 31 överensstämmelserna

280 573 207 33 framförallt
510 574 72 32 med
604 575 81 30 våra
706 574 158 32 nordiska
886 575 192 32 frändefolk
1100 575 69 32 icke
1192 586 68 21 mer
1283 577 43 30 än
1349 576 206 39 nödvändigt
1578 576 114 39 brytas
1715 587 51 28 ge-

277 636 77 22 nom
374 627 214 39 ortografien.
609 628 190 31 Detsamma
819 628 104 39 gäller
943 639 51 21 om
1014 630 60 30 vår
1094 628 97 32 andel
1212 629 11 30 i
1243 629 65 31 den
1327 633 90 28 stora
1438 631 60 30 och
1518 630 127 39 viktiga
1664 630 101 31 inter-

278 680 180 32 nationella
478 681 199 32 ordskatten.
702 681 373 39 Sammanfattningsvis
1096 683 194 31 framhåller
1311 683 208 32 akademien:

320 736 50 29 att
391 734 63 31 den
473 734 276 39 språkhistoriska
768 735 193 39 åskådning,
981 746 69 21 som
1069 739 121 35 ytterst
1208 737 107 38 ligger
1334 737 52 31 till
1407 737 109 38 grund
1537 738 52 30 för
1610 738 156 31 motionä-

279 797 115 22 rernas
414 787 295 40 framställningar,
730 798 139 22 numera
888 788 55 32 får
963 798 93 22 anses
1076 790 174 38 övergiven
1271 790 60 31 och
1351 791 69 31 icke
1441 790 114 39 längre
1575 791 189 39 vetenskap-

279 840 61 39 ligt
356 840 247 39 normgivande,

320 896 50 29 att
394 904 40 21 en
457 895 296 38 stavningsreform
776 905 41 21 av
840 895 177 40 ifrågasatt
1040 896 203 39 omfattning
1265 897 105 31 skulle
1395 907 80 22 vara
1498 899 37 30 så
1557 897 207 39 ingripande,

279 950 50 28 att
350 947 85 32 intet
454 948 217 39 kulturspråk
691 948 66 31 kan
776 949 145 38 uppvisa
941 960 40 21 en
1001 949 243 40 motsvarighet,
1267 961 78 21 vare
1367 951 50 38 sig
1438 951 11 30 i
1470 951 89 38 syfte
1579 951 79 31 eller
1678 951 87 31 utfö-

279 1001 113 38 rande,

320 1056 51 29 att
394 1054 56 32 det
474 1054 157 32 fortsatta
653 1055 198 33 närmandet
875 1056 119 31 mellan
1018 1056 150 32 Nordens
1192 1057 70 31 folk
1286 1057 104 32 skulle
1415 1059 133 37 avgjort
1572 1058 192 37 motverkas,

277 1117 53 22 om
346 1108 138 31 svenska
499 1108 236 39 skriftspråket
751 1110 44 37 på
812 1109 92 31 detta
922 1110 64 31 sätt
1004 1109 199 39 avlägsnade
1219 1110 50 39 sig
1287 1111 78 31 från
1382 1111 250 39 grannspråken
1650 1121 116 29 genom

278 1161 148 31 ändrade
442 1161 319 39 ljudbeteckningar,

318 1216 51 29 att
386 1215 83 31 även
485 1215 171 38 hänsynen
673 1215 52 32 till
742 1216 56 31 det
815 1216 208 39 geografiska
1040 1217 59 31 och
1115 1217 176 32 historiska
1308 1218 287 32 namnmaterialet
1612 1223 84 27 samt
1713 1218 52 32 till

278 1267 56 32 det
355 1268 122 39 gängse
499 1268 268 32 internationella
789 1269 211 33 ordförrådet
1022 1280 116 21 manar
1158 1270 53 32 till
1232 1271 222 39 försiktighet,

319 1321 60 31 och
399 1323 50 30 att
468 1322 157 39 slutligen
643 1322 64 31 den
726 1327 75 27 rent
821 1323 221 39 pedagogiska
1061 1323 131 32 vinsten
1211 1325 11 30 i
1242 1324 107 38 själva
1369 1325 113 31 verket
1502 1325 104 32 skulle
1626 1325 70 33 visa
1715 1325 50 38 sig

278 1374 129 32 mindre
427 1376 43 30 än
490 1375 242 32 motionärerna
751 1376 84 39 vilja
855 1377 80 37 göra
954 1377 161 39 gällande.

317 1455 366 32 Modersmålslärarnas
698 1457 155 38 förening
871 1458 172 38 avstyrker
1059 1457 205 32 motionerna
1281 1459 91 31 såväl
1389 1459 205 39 principiellt
1611 1470 68 21 som
1691 1460 73 31 med

275 1508 130 39 hänsyn
429 1509 53 31 till
504 1509 165 39 tidsläget.
694 1509 50 32 Bl.
771 1521 28 21 a.
826 1510 190 32 framhålles
1040 1511 11 30 i
1076 1511 211 39 föreningens
1311 1512 158 38 yttrande
1493 1516 50 28 att
1567 1523 39 21 en
1632 1512 132 31 alldeles

277 1562 228 39 övervägande
526 1562 54 32 del
602 1573 40 21 av
664 1564 75 30 vårt
760 1564 118 38 språks
900 1564 179 32 ordförråd
1102 1566 37 30 är
1161 1570 200 33 gemensamt
1384 1566 54 31 för
1459 1567 161 30 svenskan
1642 1567 59 31 och
1724 1567 40 31 de

275 1615 87 32 båda
380 1616 263 39 syskonspråken
661 1617 150 31 danskan
829 1618 60 31 och
906 1617 144 32 norskan
1069 1618 58 31 och
1147 1622 49 29 att
1213 1620 76 30 vårt
1306 1619 102 38 språk
1425 1619 62 30 har
1505 1630 40 20 en
1564 1620 128 38 mycket
1710 1620 53 31 be-

276 1668 148 38 tydande
444 1669 53 31 del
517 1680 40 20 av
576 1670 59 31 sitt
654 1670 179 32 ordförråd
853 1681 183 28 gemensam
1057 1673 82 30 även
1159 1672 73 32 med
1253 1672 40 31 de
1314 1676 89 28 stora
1424 1673 192 39 europeiska
1636 1673 127 31 kultur-

276 1722 152 39 språken.
454 1723 52 31 Då
531 1724 60 30 vår
616 1724 135 38 andliga
776 1724 60 31 och
862 1725 181 31 materiella
1069 1725 195 31 samfärdsel
1291 1727 74 31 med
1390 1726 242 38 broderfolken,
1660 1726 103 40 enligt

275 1776 65 32 vad
358 1776 76 31 vårt
453 1776 70 31 folk
540 1777 110 38 livligt
669 1777 128 37 önskar,
817 1777 12 31 i
849 1778 181 31 framtiden
1050 1778 94 32 torde
1162 1778 47 32 bli
1229 1779 190 39 allsidigare
1440 1781 42 30 än
1501 1780 121 32 hittills
1641 1781 60 31 och
1721 1781 43 31 då

275 1829 34 31 vi
327 1830 102 31 måste
447 1830 104 31 räkna
568 1831 73 31 med
659 1834 49 29 att
725 1832 76 30 vårt
819 1831 71 31 folk
907 1832 104 31 såsom
1029 1835 48 28 ett
1095 1832 74 32 litet
1187 1832 69 31 folk
1274 1833 58 31 vid
1351 1843 39 21 en
1409 1834 73 31 med
1501 1834 79 31 åren
1598 1834 165 31 sannolikt

273 1882 198 40 tilltagande
496 1883 239 39 mellanfolklig
759 1884 198 31 samfärdsel
981 1886 103 31 måste
1109 1887 83 30 även
1216 1885 88 32 inom
1330 1887 40 31 de
1394 1886 138 32 bredare
1557 1887 115 38 lagren
1698 1887 65 31 för-

273 1937 103 30 värva
391 1946 41 22 en
446 1937 65 31 viss
527 1937 227 38 förtrogenhet
769 1938 74 31 med
858 1939 100 38 något
974 1948 41 21 av
1030 1939 41 31 de
1086 1942 90 28 stora
1190 1939 269 39 kulturspråken,
1477 1940 163 32 måhända
1657 1940 105 39 engel-

274 1989 91 37 skan,
387 2000 78 21 vore
486 1991 56 31 det
564 1994 48 28 ett
633 1994 84 29 stort
739 1991 185 39 missgrepp
947 1996 49 28 att
1019 1993 35 31 så
1077 1992 105 32 ändra
1203 1993 75 31 vårt
1300 1994 118 38 språks
1440 1994 156 31 utseende
1618 1994 11 31 i
1652 1993 109 38 skrift,

274 2046 49 28 att
341 2043 103 32 orden
462 2043 103 32 skulle
583 2054 69 21 mer
670 2046 42 29 än
730 2044 121 32 hittills
869 2045 98 39 skilja
985 2045 51 40 sig
1055 2046 78 32 från
1151 2046 105 32 andra
1274 2047 126 39 språks.

314 2124 365 32 Folkskollärarkårens
698 2124 390 40 skriftspråkskommitté
1107 2127 194 32 framhåller
1320 2131 50 28 att
1390 2128 11 30 i
1420 2128 52 31 sin
1492 2128 167 31 allmänna
1677 2128 85 38 syft-

273 2177 82 39 ning
371 2178 290 31 överensstämmer
675 2179 260 32 motionärernas
949 2179 196 40 inställning
1159 2181 73 31 med
1247 2180 65 32 den
1327 2191 68 21 som
1409 2181 136 31 kommit
1560 2181 53 31 till
1626 2181 136 39 uttryck

274 2230 11 31 i
303 2240 41 21 en
361 2230 54 32 till
432 2231 125 38 Kungl.
575 2232 104 38 Maj:t
698 2232 64 31 den
782 2233 38 29 11
841 2233 149 31 februari
1009 2233 93 32 detta
1120 2234 38 31 år
1177 2244 40 21 av
1237 2233 202 33 folkskolans
1458 2234 303 39 lärarorganisatio-

273 2294 60 21 ner
353 2284 134 38 ingiven
508 2284 247 40 framställning
775 2285 11 31 i
807 2286 390 39 rättskrivningsfrågan.
1219 2287 181 39 Förslagen
1422 2288 11 30 i
1454 2288 108 31 denna
1584 2288 177 31 framställ-

272 2337 81 39 ning
373 2338 118 31 avvika
511 2338 77 31 från
608 2338 259 32 motionärernas
888 2339 270 39 exemplifierade
1178 2341 78 31 eller
1278 2341 150 38 antydda
1449 2341 125 39 förslag
1594 2341 169 32 såtillvida

273 2400 68 21 som
359 2391 40 31 de
416 2391 159 32 innebära
592 2401 40 21 en
649 2393 153 31 närmare
820 2393 210 39 anknytning
1047 2393 53 32 till
1117 2395 193 31 nuvarande
1328 2396 141 30 stavsätt
1488 2395 59 31 och
1566 2395 88 38 ligga
1672 2404 89 21 mera

274 2443 10 31 i
304 2443 83 39 linje
407 2445 73 31 med
499 2445 64 31 den
583 2446 137 31 svenska
740 2446 213 39 stavningens
973 2447 177 32 historiska
1169 2448 199 39 utveckling.
1391 2449 17 29 I
1428 2448 103 32 likhet
1552 2448 74 31 med
1647 2447 113 32 motio-

273 2498 143 31 närerna
436 2508 95 21 anser
550 2498 192 32 kommittén
762 2503 50 28 att
832 2510 40 21 en
893 2500 139 31 officiell
1051 2501 181 39 utredning
1252 2512 41 21 av
1312 2501 296 39 stavningsfrågan
1626 2501 59 32 bör
1706 2501 54 31 ske
