1880 2833
250 195 39 30 14
528 194 404 41 Bevillningsutskottets
951 194 218 31 betänkande
1188 204 42 21 nr
1248 195 41 29 56
1308 194 39 31 år
1366 194 84 30 1968

292 277 49 30 På
376 275 376 42 maltdrycksområdet
787 276 64 30 har
886 275 199 31 mellanölet
1120 275 280 40 huvudsakligen
1435 275 117 40 trängt
1588 275 147 30 tillbaka

244 331 416 40 pilsnerkonsumtionen,
685 331 66 30 och
774 331 115 30 denna
913 330 228 31 substitution
1164 330 108 40 pågår
1296 329 229 31 fortfarande.
1551 329 182 35 Starkölet,

249 393 74 21 som
352 385 112 39 spelar
492 395 43 20 en
562 384 137 31 relativt
727 384 248 30 underordnad
1002 385 74 34 roll,
1106 384 184 30 minskade
1318 383 111 30 under
1456 382 277 30 introduktions-

248 448 184 31 processen
455 448 80 21 men
558 440 63 28 har
645 448 146 21 numera
814 439 71 40 gått
909 448 70 30 upp
1002 439 53 29 till
1079 448 135 20 samma
1235 438 82 30 nivå
1340 447 75 21 som
1439 437 73 30 före
1536 437 196 30 mellanöls-

248 494 160 30 debuten.
429 494 74 29 Den
523 501 123 32 genom
665 493 177 30 reformen
861 493 227 30 förorsakade
1108 493 177 39 ökningen
1304 502 43 20 av
1365 493 67 29 den
1451 492 108 29 totala
1579 492 153 29 alkohol-

248 548 273 31 konsumtionen
541 549 63 29 har
625 548 189 30 beräknats
835 548 52 29 till
909 547 51 36 0,5
982 548 77 30 liter
1082 548 139 30 alkohol
1246 547 60 30 100
1326 547 31 35 Z
1384 556 59 30 per
1465 546 166 30 invånare
1653 547 78 29 över

250 603 37 28 15
307 603 38 29 år
363 603 81 29 eller
463 603 51 33 8,5
534 603 31 34 2
588 612 43 20 av
648 602 115 30 denna
780 603 238 29 konsumtion.

291 657 66 30 Vid
390 666 43 20 en
466 656 122 40 analys
622 666 42 20 av
696 656 380 30 mellanölsreformens
1110 655 110 30 effekt
1253 655 45 40 på
1331 654 401 41 nyklerhetstillståndet

247 711 95 30 finns
366 711 57 30 det
448 711 75 30 skäl
547 713 49 28 att
620 711 177 30 illustrera
820 711 217 30 mellanölets
1061 710 176 39 objektiva
1262 710 229 29 attraktivitet
1516 719 74 21 som
1614 710 118 29 berus-

247 766 207 39 ningskälla.
476 766 13 28 I
510 765 259 30 nedanstående
789 765 95 30 tablå
903 765 92 29 visas
1016 764 119 30 därför
1155 765 67 29 hur
1243 764 138 40 mycket
1403 774 42 19 av
1464 764 94 29 olika
1578 764 154 29 alkohol-

247 820 147 40 drycker
414 829 74 21 som
508 820 110 30 måste
637 820 151 30 förtäras
808 820 54 29 för
882 821 50 28 att
951 820 213 29 konsumera
1183 819 39 29 20
1242 820 30 28 cl
1291 828 63 20 ren
1373 819 139 29 alkohol
1532 819 64 29 och
1615 818 117 30 vilken

246 874 261 38 penningutgift
526 874 94 28 detta
638 874 134 28 kräver.

1099 945 178 30 Kvantitet
1313 945 76 31 Pris

461 992 171 38 Varuslag
1099 990 78 30 liter
1313 990 130 29 kronor

461 1054 146 30 Absolut
627 1056 78 28 rent
726 1053 179 30 Brännvin
1100 1052 73 36 0,50
1315 1052 93 36 19,50

460 1099 202 35 Vermouth,
688 1099 127 30 svensk
1102 1099 71 34 1,10
1315 1098 92 35 15,35

461 1145 66 29 Vin
550 1145 117 39 Rouge
690 1144 170 39 dAlgerie
1103 1144 71 34 1,60
1336 1143 72 35 9,55

462 1189 137 31 Starköl
1099 1188 72 35 3,15
1315 1188 91 35 13,35

461 1229 162 45 Mellanöl
1099 1233 73 36 4,55
1316 1233 93 35 18,00

462 1279 134 30 Pilsner
1100 1278 73 35 6,05
1317 1278 93 35 17,80

291 1377 50 28 Av
362 1377 120 29 tablån
504 1377 155 39 framgår
681 1379 50 27 att
753 1377 163 29 mellanöl
940 1386 102 30 synes
1063 1386 83 20 vara
1168 1386 42 20 en
1232 1376 137 30 relativt
1392 1376 63 39 dyr
1477 1376 65 29 och
1564 1376 168 29 obekväm

246 1431 314 39 berusningskälla,
587 1431 11 30 i
626 1431 188 39 synnerhet
841 1440 56 20 om
924 1440 82 20 man
1032 1431 144 29 beaktar
1203 1432 50 28 att
1279 1429 367 40 berusningseffekten
1673 1438 59 30 per

247 1485 103 29 enhel
377 1494 62 20 ren
467 1485 140 29 alkohol
636 1486 37 29 är
701 1485 178 41 belydling
908 1486 109 29 större
1045 1485 55 29 för
1128 1485 41 29 de
1198 1485 300 29 alkoholstarkare
1527 1484 205 39 dryckerna.

247 1539 202 29 Emellertid
473 1539 149 29 behöver
649 1539 100 30 dessa
776 1539 154 29 faktorer
956 1539 71 29 inte
1054 1538 267 39 nödvändigtvis
1347 1547 83 20 vara
1457 1538 195 38 avgörande
1679 1537 54 29 för

247 1593 217 30 mellanölets
486 1592 199 40 subjektiva
704 1592 451 40 berusningsattraktivitet.

290 1647 75 30 Den
387 1646 274 31 förhållandevis
681 1646 101 39 ringa
802 1647 304 29 merkonsumtion
1127 1656 42 19 av
1190 1647 41 34 öl,
1255 1655 74 21 som
1350 1645 176 30 reformen
1548 1646 85 39 drog
1654 1645 79 29 med

248 1701 59 39 sig,
338 1709 57 31 ger
425 1701 193 29 emellertid
647 1701 188 39 anledning
864 1701 53 29 till
947 1700 211 39 antagandet
1188 1702 50 28 att
1268 1699 401 40 nykterhetstillståndet
1699 1699 30 39 ej

246 1755 186 29 nämnvärt
452 1755 70 29 kan
542 1755 45 29 ha
606 1755 98 29 blivil
724 1754 177 40 påverkat.
922 1755 75 29 Den
1016 1755 53 29 till
1089 1754 90 30 buds
1200 1754 142 29 stående
1364 1753 199 30 statistiken
1582 1754 45 39 på
1646 1754 86 38 nyk-

245 1808 290 30 terhetsområdet
558 1827 44 3 —
624 1808 125 39 fylleri,
773 1808 187 38 rattfylleri
984 1809 64 29 och
1072 1807 292 39 nykterhetsvård
1386 1826 44 3 —
1454 1807 132 30 utvisar
1611 1809 50 28 att
1685 1808 47 28 ett

246 1862 195 40 antagande
461 1871 57 21 om
539 1872 42 20 en
602 1862 138 39 negativ
759 1862 111 31 effekt
890 1872 42 20 av
952 1861 361 31 mellanölsreformen
1333 1861 124 31 endast
1478 1861 112 30 skulle
1611 1862 122 28 kunna

243 1926 83 22 vara
348 1918 138 39 befogat
510 1916 222 31 beträffande
754 1916 336 41 ungdomsfylleriet.
1115 1915 203 32 Emellertid
1341 1916 94 30 visar
1458 1916 158 40 följande
1639 1916 95 30 tablå

246 1972 49 27 alt
321 1971 176 39 ökningen
522 1980 43 20 av
590 1970 326 39 ungdomsfylleriet
942 1970 111 29 under
1081 1970 82 30 1965
1191 1971 86 28 även
1303 1969 167 30 omfattar
1496 1969 67 29 den
1588 1970 144 28 mellan-

246 2024 122 30 ölsfria
390 2024 165 40 perioden
579 2025 64 29 och
666 2026 50 27 att
738 2024 177 30 reformen
936 2042 45 3 —
1002 2025 11 29 i
1036 2024 99 39 varje
1157 2024 62 29 fall
1242 2024 72 30 inte
1337 2023 125 30 hittills
1485 2042 45 2 —
1551 2024 63 29 har
1638 2023 93 29 med-

246 2078 68 30 fört
340 2078 114 39 någon
481 2078 152 40 stegring
659 2088 42 20 av
726 2078 335 40 ungdomsfylleriet.

678 2150 82 29 1964
890 2150 82 30 1965
1101 2149 82 30 1966
1314 2149 81 30 1967
1526 2149 82 30 1968

248 2212 57 30 T:a
326 2212 46 29 kv
678 2211 92 31 2423
886 2212 18 30 2
917 2212 63 30 464
1098 2211 17 30 3
1130 2211 63 30 829
1311 2212 18 29 2
1343 2211 63 30 806
1525 2211 92 30 2427

246 2257 59 28 2:a
329 2257 45 29 kv
676 2256 95 30 3549
884 2257 19 28 4
917 2257 61 30 303
1095 2256 95 30 4136
1307 2256 20 29 4
1341 2256 62 30 207
1523 2256 18 29 3
1555 2256 64 29 884

246 2300 56 31 3:e
327 2301 46 29 kv
674 2301 95 30 3376
884 2301 19 29 4
918 2301 61 30 287
1096 2301 17 29 3
1129 2300 62 31 996
1309 2300 19 30 4
1342 2300 63 30 032
1542 2319 45 3 —

246 2345 56 30 4:e
327 2345 47 30 kv
675 2345 96 31 2752
885 2345 18 30 3
918 2345 62 30 456
1097 2345 95 30 4168
1309 2345 18 30 3
1342 2345 60 30 011

287 2425 40 40 Ej
351 2425 108 30 heller
482 2425 199 30 statistiken
703 2426 79 29 över
803 2425 455 31 barnavårdsnämndernas
1280 2425 160 39 åtgärder
1462 2425 131 29 utvisar
1615 2424 115 40 någon

244 2479 131 40 ökning
394 2479 108 30 sedan
520 2479 371 30 mellanölsreformen.

287 2532 52 30 Av
361 2532 67 30 den
451 2532 150 31 sålunda
623 2532 236 40 föreliggande
883 2533 199 30 statistiken
1105 2533 155 39 framgår
1283 2533 93 30 klart
1400 2535 49 27 att
1473 2532 199 30 mellanölet
1697 2532 29 39 ej

243 2586 64 29 har
326 2586 151 30 medfört
496 2586 114 40 någon
630 2586 132 40 ökning
780 2597 43 20 av
841 2586 356 31 alkoholmissbruket
1216 2587 12 30 i
1246 2586 77 31 vårt
1341 2587 93 29 land.
