2214 2644
451 147 18 29 2
923 145 233 41 Lagutskottets
1179 144 160 32 utlåtande
1361 144 55 32 Nr
1439 146 55 30 35.

406 234 185 46 nämligen
629 234 103 34 inom
771 232 114 36 första
912 234 211 35 kammaren
1151 246 45 22 nr
1226 234 67 35 101
1323 246 43 22 av
1393 232 157 37 friherre
1579 234 187 35 Hermelin
1794 238 94 31 samt
1915 235 102 34 inom

407 283 115 36 andra
561 283 210 36 kammaren
810 297 45 22 nr
893 285 70 35 261
1007 296 43 23 av
1077 284 124 35 herrar
1228 283 150 37 Persson
1405 285 13 33 i
1445 283 237 49 Norrköping
1709 284 68 36 och
1805 283 174 38 Svensson
2008 286 11 32 i

405 334 224 35 Eskilstuna.

544 485 67 36 Det
637 485 12 35 i
678 484 135 48 Kungl.
843 484 123 48 Maj:ts
995 484 240 36 förevarande
1262 484 232 49 proposition
1521 484 231 36 innefattade
1780 484 239 48 lagförslaget

406 543 40 28 är
473 537 118 45 enligt
618 537 164 34 motiven
809 540 117 31 avsett
953 540 54 30 att
1035 540 135 31 ersätta
1196 536 98 35 vissa
1321 535 276 36 bestämmelser
1623 536 12 34 i
1662 536 108 47 lagen
1799 536 71 35 den
1895 538 20 33 3
1932 536 86 47 juni

408 588 96 34 1915
547 599 59 23 om
646 585 219 48 förfogande
901 592 88 29 över
1014 587 96 34 vissa
1136 598 107 23 varor
1268 585 62 36 vid
1356 586 82 46 krig
1465 586 91 35 eller
1582 585 181 48 krigsfara
1790 586 88 36 eller
1905 586 115 35 andra

407 636 328 49 utomordentliga,
764 650 43 22 av
833 637 82 47 krig
943 635 214 37 föranledda
1181 636 270 44 förhållanden,
1480 637 122 35 vilken
1630 637 60 45 lag
1717 636 84 36 med
1829 640 190 44 utgången

406 701 45 22 av
479 686 184 36 nästlidna
689 688 95 46 april
812 687 134 35 månad
973 687 161 48 upphört
1160 692 55 30 att
1242 687 106 48 gälla.
1403 686 128 37 Såsom
1559 686 267 49 föredragande
1854 687 166 48 departe-

407 737 253 36 mentschefen
701 739 148 42 erinrat,
889 736 230 37 innefattade
1158 738 108 48 lagen
1297 751 43 22 av
1371 738 95 35 1915
1495 740 60 33 två
1583 737 176 35 särskilda
1787 750 164 35 grupper
1977 750 44 22 av

406 789 285 42 bestämmelser,
734 789 187 46 nämligen
963 788 227 47 stadganden
1229 801 60 22 om
1330 788 232 47 maximipris
1602 788 68 35 och
1702 787 229 47 stadganden
1960 800 59 23 om

406 840 288 46 expropriation.
750 838 117 48 Sagda
907 840 79 46 lags
1024 839 277 35 bestämmelser
1340 839 90 35 hava
1470 851 52 22 nu
1563 838 194 47 uppdelats
1785 841 47 44 på
1857 841 62 33 två
1946 844 74 29 sär-

406 888 120 36 skilda
561 888 211 49 lagförslag.
827 889 70 35 Det
937 902 70 22 ena
1046 902 43 22 av
1117 889 114 44 dessa,
1261 889 61 35 det
1349 901 51 22 nu
1430 887 251 45 förevarande,
1711 893 182 43 upptager
1921 888 99 36 stad-

406 939 171 47 gandena
616 953 59 22 om
713 941 241 46 maximipris,
997 940 97 34 vilka
1133 939 93 36 dock
1261 944 166 31 avsevärt
1456 938 197 47 utvidgats.
1708 938 70 36 Det
1805 938 114 36 andra
1946 938 75 36 för-

406 992 118 46 slaget
550 1008 48 5 —
625 989 137 48 förslag
788 990 58 34 till
874 991 61 46 lag
963 996 60 28 om
1051 988 217 49 förfogande
1297 997 85 28 över
1408 989 74 35 viss
1510 989 179 46 egendom
1709 989 62 35 vid
1791 989 92 48 krig,
1904 991 117 44 krigs-

405 1039 81 36 fara
526 1041 87 34 eller
652 1040 115 35 andra
795 1040 325 45 utomordentliga,
1150 1053 43 22 av
1221 1041 81 46 krig
1333 1039 217 36 föranledda
1577 1038 267 45 förhållanden,
1873 1053 38 22 se
1937 1053 84 34 pro-

405 1092 162 46 position
595 1104 44 22 nr
668 1092 70 34 138
766 1109 49 5 —
841 1089 205 37 innefattar
1072 1091 275 34 bestämmelser
1373 1103 60 23 om
1462 1089 286 49 expropriation.

544 1191 52 36 Då
624 1191 61 36 det
704 1204 52 22 nu
776 1190 279 49 ifrågavarande
1073 1190 236 49 lagförslaget
1327 1191 188 35 anmäldes
1534 1190 98 36 inför
1651 1190 136 48 Kungl.
1809 1190 115 47 Maj:t,
1944 1196 75 43 ytt-

406 1242 87 36 rade
513 1241 265 49 föredragande
798 1240 414 50 departementschefen,
1232 1246 54 31 att
1305 1241 44 35 de
1368 1241 269 43 förhållanden,
1658 1254 79 22 som
1757 1240 174 36 föranlett
1946 1242 74 34 till-

405 1294 171 34 komsten
591 1305 43 23 av
651 1294 95 34 1915
767 1295 57 33 års
842 1294 70 44 lag,
934 1293 294 47 uppenbarligen
1246 1293 80 35 icke
1345 1293 188 34 utvecklat
1553 1293 81 46 sig
1619 1287 19 58 i
1650 1304 45 23 en
1711 1291 114 36 sådan
1841 1292 177 47 riktning,

407 1349 54 30 att
489 1343 254 36 motsvarande
770 1344 276 35 bestämmelser
1073 1344 116 34 skulle
1217 1343 98 35 bliva
1343 1342 223 46 överflödiga
1593 1342 119 35 under
1739 1341 71 36 den
1837 1347 184 30 närmaste

406 1393 211 37 framtiden.
672 1393 75 36 Vid
784 1393 242 36 utarbetande
1053 1406 43 23 av
1123 1392 138 49 förslag
1287 1393 57 35 till
1371 1406 53 35 ny
1451 1392 224 47 författning
1702 1405 59 23 om
1790 1394 231 46 maximipris

406 1445 117 35 borde
562 1444 205 36 emellertid
807 1445 144 48 hänsyn
988 1448 101 43 tagas
1112 1444 137 46 jämväl
1277 1444 57 35 till
1361 1443 178 36 särskilda
1565 1442 83 37 från
1677 1443 179 36 svenska
1883 1442 138 36 stads-

406 1494 255 37 förbundets
701 1494 471 35 livsmedelskommitté
1213 1499 93 30 samt
1342 1493 82 36 från
1462 1499 162 30 statens
1655 1493 366 36 livsmedelskom-

407 1547 179 34 mission
625 1545 177 35 inkomna
842 1543 315 49 framställningar
1197 1545 12 34 i
1250 1549 133 37 ämnet,
1412 1545 97 34 vilka
1535 1543 317 48 framställningar
1878 1547 141 42 avsåge,

406 1601 54 30 att
501 1599 36 32 åt
576 1595 43 36 de
658 1596 121 35 lokala
819 1595 301 47 organisationer,
1161 1607 78 23 som
1275 1595 172 34 inrättats
1474 1593 61 36 vid
1564 1593 104 35 sidan
1696 1606 45 22 av
1754 1598 153 35 statens
1935 1594 86 35 livs-

407 1642 392 67 medelskommission,
829 1624 113 56 måtte
969 1645 202 49 inrymmas
1199 1658 45 22 en
1271 1644 93 36 ökad
1384 1643 234 49 befogenhet,
1639 1631 118 72 bland
1771 1649 110 30 annat
1900 1648 120 32 rätten

407 1702 56 31 att
490 1699 13 33 i
530 1698 93 35 vissa
650 1696 66 36 fall
745 1695 182 37 fastställa
955 1696 119 35 lokala
1102 1697 240 46 maximipris.

543 1746 235 36 Beträffande
794 1746 104 36 dessa
912 1747 122 35 lokala
1049 1747 291 46 organisationer
1355 1745 153 36 anförde
1524 1744 413 49 departementschefen,
1955 1751 64 36 att,

407 1798 114 35 sedan
561 1797 383 36 lokalkommissioner
984 1796 57 36 för
1081 1777 282 55 underlättande
1404 1796 68 35 och
1505 1796 190 35 ordnande
1723 1809 43 22 av
1793 1795 227 36 livsmedels-

407 1847 281 49 anskaffningen
731 1848 108 35 blivit
879 1849 67 33 allt
986 1846 84 36 från
1097 1848 149 47 augusti
1277 1849 94 33 1914
1399 1846 197 44 inrättade,
1626 1851 139 30 statens
1793 1846 228 36 livsmedels-

406 1899 241 35 kommission
674 1900 12 33 i
716 1899 173 35 skrivelse
917 1899 59 33 till
1006 1897 134 48 Kungl.
1170 1897 105 47 Maj:t
1303 1897 70 35 den
1403 1898 46 34 20
1479 1897 192 35 december
1702 1899 93 34 1915
1825 1896 74 36 fäst
1927 1909 93 35 upp-

406 1949 295 36 märksamheten
742 1952 47 45 på
829 1948 98 36 vissa
967 1928 307 67 bristfälligheter
1304 1949 12 34 i
1349 1948 451 35 lokalkommissionernas
1833 1948 187 45 organisa-

407 2001 79 34 tion
527 2000 67 35 och
633 1999 244 36 verksamhet.
931 1998 84 36 Med
1048 1977 198 67 anledning
1274 2011 43 23 av
1344 1998 123 35 denna
1495 1997 276 47 framställning
1799 1975 98 57 från
1910 2002 109 31 stats-

406 2050 287 36 kommissionen
734 2049 93 36 hade
869 2048 136 49 Kungl.
1048 2049 103 46 Maj:t
1190 2027 117 69 enligt
1346 2048 130 46 nådigt
1505 2048 120 36 beslut
1653 2048 69 35 den
1747 2028 49 55 31
1827 2047 194 36 december

410 2101 95 34 1915
547 2099 179 37 anbefallt
766 2080 439 55 överståthållarämbetet
1245 2079 65 55 och
1350 2077 136 70 Kungl.
1529 2098 120 47 Maj:ts
1691 2099 171 47 samtliga
1888 2097 132 36 befall-

406 2150 276 47 ningshavande
723 2156 54 30 att
819 2150 267 47 ofördröjligen
1126 2150 150 48 vidtaga
1316 2150 172 47 åtgärder
1518 2150 12 34 i
1558 2149 177 36 särskilda
1764 2151 55 33 uti
1846 2148 174 36 kommis-
