2209 2655
672 209 258 33 Statsutskottets
957 210 170 32 utlåtande
1154 211 54 32 Nr
1234 214 74 29 113.
1783 211 20 34 3

312 290 303 39 Vidkommande
653 292 166 38 därefter
855 293 329 49 angelägenheten
1222 299 54 32 att
1313 295 85 37 med
1427 295 62 37 det
1517 295 132 50 övriga
1676 295 129 38 landet

209 343 173 37 förbinda
411 344 74 36 den
512 344 251 38 finsktalande
793 345 271 50 befolkningen
1092 346 12 36 i
1132 347 122 36 denna
1282 346 210 38 landsända
1521 353 97 32 samt
1645 353 56 32 att
1722 349 83 37 där-

209 396 128 37 städes
376 396 94 37 söka
506 397 158 37 utbreda
701 398 156 39 svenskt
895 399 112 49 språk
1045 399 70 36 och
1145 400 139 36 svensk
1312 400 138 48 kultur,
1480 400 128 37 vilken
1637 406 95 32 även
1761 415 43 23 ur

210 448 325 49 försvarspolitisk
573 450 196 48 synpunkt
806 464 113 35 synes
956 451 93 36 värd
1085 451 64 36 allt
1187 451 225 50 beaktande,
1451 452 121 37 finner
1613 453 191 37 utskottet

202 500 144 50 jämväl
385 501 123 37 denna
541 502 282 49 angelägenhet
851 502 61 37 väl
939 503 266 50 tillvaratagen
1232 518 138 35 genom
1400 505 143 49 Kungl.
1571 505 128 50 Maj:ts
1727 507 77 37 för-

208 553 96 49 slag.
361 553 147 37 Genom
550 554 143 37 banans
735 555 193 49 dragande
970 555 120 50 enligt
1132 557 103 36 detta
1277 557 144 49 förslag
1462 558 119 37 skulle
1609 559 194 49 nämligen

208 606 292 48 åstadkommas,
529 612 55 31 att
602 607 86 36 hela
706 608 291 47 gränstraktens
1016 608 251 38 finsktalande
1286 609 245 50 befolknings
1552 610 252 38 förbindelser

208 658 207 37 inriktades
444 662 47 47 på
519 672 47 24 en
596 660 142 37 svensk
766 660 198 49 huvudort,
993 661 237 50 varigenom,
1260 665 125 34 såsom
1414 663 115 37 också
1558 676 47 23 av
1629 663 173 50 departe-

208 711 261 37 mentschefen
496 711 238 49 framhållits,
751 716 48 46 på
827 718 53 32 ett
899 713 237 50 livskraftigt
1156 719 75 32 sätt
1250 714 283 38 underlättades
1553 716 249 50 spridningen

207 777 45 22 av
281 765 157 36 svenskt
468 765 115 48 språk
611 766 69 36 och
710 766 140 36 svensk
879 765 125 37 kultur
1031 766 12 36 i
1071 767 113 36 dessa
1211 767 160 49 bygder.

309 816 16 36 I
354 816 123 50 dylikt
506 817 189 37 avseende
725 831 114 36 synes
869 818 170 37 däremot
1068 818 72 37 den
1160 819 117 37 andra
1297 820 275 49 sträckningen
1592 824 125 33 såsom
1736 824 65 46 gå-

207 868 95 37 ende
332 882 139 35 genom
501 870 294 37 svensktalande
824 871 104 48 bygd
955 871 84 37 icke
1067 871 128 37 kunna
1222 872 181 37 tillmätas
1431 876 128 45 någon
1589 878 121 33 större
1737 874 64 38 be-

208 920 158 50 tydelse,
405 926 89 32 utan
531 922 121 37 skulle
691 936 85 23 man
813 936 151 24 snarare
1001 924 127 36 kunna
1155 924 140 49 befara,
1326 929 56 33 att
1411 925 123 37 denna
1563 926 237 50 sträckning,

207 974 46 35 då
290 973 73 37 den
400 979 41 31 är
478 987 46 23 av
562 975 262 36 beskaffenhet
853 980 53 32 att
935 976 209 37 förminska
1173 976 247 50 Haparandas
1448 978 209 49 betydelse,
1688 979 113 37 också

206 1026 171 36 kommer
402 1031 55 31 att
485 1026 157 50 bidraga
670 1027 55 37 till
754 1033 54 31 att
837 1028 301 37 förbindelserna
1168 1028 82 38 från
1279 1030 139 36 svensk
1447 1030 80 38 sida
1547 1031 85 36 med
1652 1031 149 37 Torneå

205 1078 222 49 ytterligare
457 1079 101 36 ökas.

311 1130 69 37 Om
411 1131 63 37 det
502 1131 156 37 sålunda
686 1145 114 35 synes
829 1132 188 37 utskottet
1043 1134 226 49 uppenbart,
1299 1138 54 33 att
1380 1148 45 23 ur
1453 1149 50 22 nu
1532 1135 160 38 berörda
1712 1150 89 36 syn-

205 1183 164 49 punkter
398 1183 73 36 den
499 1197 47 24 av
574 1184 140 48 Kungl.
745 1184 105 50 Maj:t
878 1185 217 48 föreslagna
1124 1186 271 49 sträckningen
1423 1187 68 37 har
1519 1188 155 49 avgjort
1702 1188 98 37 före-

205 1235 119 48 träde,
368 1238 159 34 återstår
569 1241 55 32 att
666 1236 171 48 bedöma,
871 1237 184 37 huruvida
1084 1238 46 37 de
1160 1239 222 49 erinringar,
1413 1253 81 23 som
1523 1254 43 22 ur
1594 1241 206 49 strategisk

206 1288 195 49 synpunkt
441 1287 109 38 blivit
579 1288 168 37 däremot
777 1289 145 49 gjorda,
952 1295 63 31 äro
1046 1304 44 22 av
1119 1291 261 37 beskaffenhet
1409 1296 54 32 att
1491 1297 176 45 uppväga
1696 1294 104 37 detta

206 1339 201 37 företräde.

307 1392 17 36 I
353 1393 133 36 sådant
513 1393 188 37 avseende
729 1393 67 37 vill
823 1394 186 37 utskottet
1037 1395 56 36 till
1122 1408 46 24 en
1197 1396 134 49 början
1358 1396 123 37 erinra
1499 1397 179 36 hurusom
1693 1398 106 49 järn-

204 1445 291 49 vägsstyrelsen
524 1446 70 36 och
622 1445 140 50 Kungl.
783 1446 125 48 Maj:ts
928 1446 407 51 befallningshavande
1356 1449 102 36 såväl
1481 1451 96 35 1903
1599 1463 79 24 som
1701 1452 96 35 1906

206 1497 178 45 förordat,
403 1502 55 32 att
487 1498 221 37 stambanan
725 1499 121 36 skulle
864 1499 139 50 dragas
1018 1500 84 36 från
1118 1500 214 51 Lappträsk
1348 1501 125 37 direkt
1487 1501 57 37 till
1559 1502 239 50 Haparanda,

205 1564 86 22 men
320 1555 55 31 att
403 1550 401 49 generalstabschefen
832 1551 46 37 då
907 1565 46 23 av
982 1553 227 48 strategiska
1237 1554 83 36 skäl
1347 1554 122 48 yrkat,
1500 1559 54 31 att
1574 1555 222 37 stambanan

204 1602 120 37 skulle
353 1602 38 37 få
420 1603 57 36 sin
506 1602 197 50 slutpunkt
730 1603 11 36 i
770 1604 185 49 Karungi,
984 1604 120 37 vilket
1133 1605 236 37 sistnämnda
1397 1606 195 37 önskemål
1620 1607 78 36 helt
1726 1608 70 36 och

204 1654 115 37 hållet
346 1654 109 37 blivit
483 1654 237 50 tillgodosett
748 1669 138 35 genom
916 1657 315 37 statsmakternas
1260 1658 124 37 beslut
1414 1661 39 34 år
1483 1660 113 45 1911;
1618 1664 179 33 ävensom

203 1707 159 36 hänvisa
398 1707 57 36 till
491 1707 74 36 vad
594 1720 46 25 av
668 1708 418 49 departementschefen
1115 1711 144 36 anförts
1290 1724 72 33 om,
1393 1716 54 31 att
1474 1711 47 37 då
1547 1725 51 22 nu
1627 1713 172 48 general-

205 1759 241 37 stabschefen
481 1759 213 50 tillstyrker
722 1760 144 37 banans
896 1761 292 49 framdragande
1216 1764 12 35 i
1257 1776 46 23 av
1330 1763 139 37 honom
1498 1763 179 38 förordad
1704 1765 93 36 rikt-

203 1812 94 48 ning
337 1811 59 36 till
437 1812 238 49 Haparanda,
719 1812 102 36 detta
858 1813 12 35 i
899 1813 119 49 själva
1045 1815 132 36 verket
1205 1815 157 37 innebär
1389 1820 54 32 att
1470 1829 138 35 genom
1639 1830 46 23 en
1713 1817 84 36 från

202 1864 217 49 Lappträsk
460 1864 189 48 utgående
692 1865 182 37 sidobana
915 1865 117 38 skaffa
1074 1867 222 37 stambanan
1339 1881 47 23 en
1426 1882 52 34 ny
1507 1868 199 50 slutpunkt
1733 1869 64 37 vid

203 1921 176 44 gränsen,
409 1916 120 37 under
557 1917 62 36 det
638 1921 56 32 att
716 1917 396 49 järnvägsstyrelsens
1142 1920 145 49 förslag
1316 1933 112 36 synes
1457 1921 127 36 kunna
1603 1921 194 37 betraktas

204 1968 165 48 sålunda,
413 1974 53 31 att
508 1982 99 34 man,
650 1970 86 36 med
777 1969 265 37 bibehållande
1083 1984 46 23 av
1158 1972 248 48 ändpunkten
1433 1972 13 36 i
1474 1973 184 49 Karungi,
1687 1974 110 49 giver

202 2020 238 37 Tornedalen
481 2034 47 23 en
568 2021 232 37 tertiärbana
841 2021 59 37 för
942 2022 166 50 fyllande
1151 2038 45 22 av
1238 2024 88 37 dess
1372 2024 123 37 lokala
1537 2026 259 38 kommunika-

203 2072 235 38 tionsbehov.

304 2125 198 38 Utskottet
530 2125 166 38 biträder
724 2125 74 38 den
827 2140 46 23 av
902 2127 419 49 departementschefen
1349 2129 166 37 uttalade
1544 2130 157 50 mening
1728 2136 67 43 att,

203 2177 127 37 därest
358 2192 87 22 man
472 2178 193 49 iakttager
693 2183 56 32 att
777 2179 125 37 banan
930 2180 236 49 framdrages
1194 2186 92 32 nära
1315 2182 118 49 själva
1461 2182 219 50 dalgången
1708 2197 87 23 men

203 2233 119 46 något
362 2229 217 49 västligare,
623 2233 40 34 så
704 2236 55 32 att
799 2232 102 37 vissa
943 2231 160 39 militära
1135 2233 149 50 hänsyn
1312 2234 12 36 i
1352 2235 174 37 ändamål
1554 2240 54 32 att
1635 2236 161 37 taktiskt

203 2282 147 49 skydda
378 2282 125 38 banan
530 2282 237 50 tillgodoses,
797 2289 55 32 att
871 2285 129 36 vidare
1021 2285 189 38 stationen
1238 2287 9 35 i
1269 2286 227 49 Haparanda
1517 2287 196 50 förlägges
1735 2294 60 31 sö-

203 2334 66 37 der
298 2348 59 24 om
387 2335 133 38 staden
549 2340 97 32 samt
675 2340 54 33 att
757 2336 180 50 slutligen
966 2351 43 23 en
1030 2338 173 38 framtida
1226 2339 240 51 anknytning
1486 2340 83 37 med
1590 2341 63 36 det
1671 2340 124 38 finska
