1912 2852
469 184 127 34 Andra
627 185 255 38 lagutskottets
911 182 189 35 utlåtande
1129 183 52 33 Nr
1205 182 50 33 42.
1556 181 18 31 1

796 592 59 40 Nr
882 593 65 41 42.

623 718 114 24 Ankom
758 717 43 25 till
820 717 163 31 riksdagens
1002 717 92 24 kansli
1115 717 54 24 den
1188 717 33 24 30
1240 716 56 31 maj
1318 717 67 25 1930
1404 716 37 25 kl.
1463 717 29 23 11
1513 717 16 24 f.
1551 723 36 18 m.

221 819 194 34 Utlåtande
446 820 13 31 i
489 819 195 38 anledning
715 829 45 21 av
791 819 107 31 väckt
928 819 135 31 motion
1093 828 55 22 om
1169 818 155 37 ändring
1345 819 13 31 i
1378 817 42 38 $$
1440 819 38 30 24
1498 817 65 32 och
1583 819 37 30 27

418 871 322 38 värnpliktslagen.

161 1004 17 30 I
203 1013 43 21 en
269 1003 96 31 inom
389 1002 115 32 första
528 1001 210 32 kammaren
761 1001 117 36 väckt,
904 999 58 33 till
985 999 199 38 lagutskott
1208 999 178 33 hänvisad
1409 999 145 38 motion,
1578 1009 42 21 nr

121 1055 66 37 160,
208 1054 122 32 vilken
352 1053 213 33 behandlats
587 1064 46 20 av
655 1053 115 32 andra
792 1053 246 36 lagutskottet,
1060 1052 66 32 har
1148 1052 83 31 herr
1253 1051 84 33 Carl
1360 1052 130 36 Gustaf
1513 1052 108 31 Ham-

121 1107 195 37 marskjöld
334 1105 194 37 hemställt,
547 1108 54 29 att
621 1105 194 36 riksdagen
834 1106 111 31 måtte
965 1104 149 38 besluta,

161 1170 54 30 att
232 1168 13 30 i
272 1166 8 37 9
299 1167 38 30 24
354 1166 314 37 värnpliktslagen.
686 1166 134 32 siffran
838 1165 109 37 23,283
966 1165 132 32 ändras
1117 1165 57 32 till
1191 1165 122 36 24,483;

161 1230 53 31 att
238 1227 17 37 D
277 1228 119 31 27:1A
419 1226 36 37 a)
480 1227 134 32 ändras
636 1226 57 32 till
716 1226 81 32 »vid
819 1226 212 32 infanteriet
1053 1226 13 31 i
1089 1225 238 37 sammanlagt
1350 1225 271 33 etthundrasex-

122 1281 124 32 tiofem
264 1281 122 36 dagar,
405 1279 123 32 vilken
548 1278 245 38 tjänstgöring
813 1278 92 32 skall
925 1278 190 37 fullgöras:

161 1342 80 32 med
260 1352 44 21 en
323 1342 114 30 första
456 1340 245 37 tjänstgöring
722 1350 56 21 om
798 1339 107 32 nittio
926 1340 123 36 dagar,
1069 1350 74 21 som
1163 1341 101 34 tager
1284 1338 56 33 sin
1359 1338 129 37 början
1508 1339 113 31 under

122 1396 114 30 första
253 1394 86 32 eller
357 1394 115 31 andra
490 1394 87 35 året,
595 1394 93 30 samt
707 1392 80 32 med
807 1394 53 29 tre
878 1391 391 37 repetitionsövningar
1286 1401 57 22 om
1361 1391 182 37 tjugufem
1562 1391 58 32 da-

122 1455 65 27 gar
207 1447 75 31 före
302 1447 183 35 utgången
504 1455 46 21 av
571 1444 119 37 fjärde
710 1445 108 35 året»,
838 1445 79 35 etce.;

161 1510 92 29 samt
283 1509 53 29 att
367 1506 125 31 härför
523 1505 238 36 erforderliga
791 1504 467 37 övergångsbestämmelser
1288 1505 59 31 må
1377 1504 167 32 utfärdas
1575 1514 46 21 av

122 1561 211 35 Konungen.

161 1619 237 33 Beträffande
419 1619 43 32 de
481 1618 88 37 skäl,
590 1628 75 21 som
686 1618 140 32 anförts
847 1617 56 32 till
924 1618 79 31 stöd
1025 1617 56 31 för
1101 1617 150 32 berörda
1271 1617 196 37 yrkanden,
1489 1617 58 31 får
1568 1617 52 31 ut-

122 1673 131 32 skottet
272 1671 152 32 hänvisa
445 1671 56 32 till
520 1671 189 31 motionen.

163 1786 77 31 Den
261 1784 205 37 föreslagna
486 1784 202 36 ändringen
708 1783 12 32 i
741 1782 18 37 $
780 1783 38 31 24
838 1783 311 37 värnpliktslagen
1170 1785 40 29 är
1231 1782 188 33 föranledd
1438 1793 46 21 av
1505 1785 51 30 ett
1577 1793 45 21 av

122 1848 133 21 samme
273 1837 178 31 motionär
473 1837 12 30 i
506 1836 180 32 motionen
707 1836 94 31 I:102
823 1836 169 31 framfört
1014 1836 170 36 yrkande,
1204 1838 55 29 att
1279 1835 170 37 samtliga
1469 1835 154 31 infante-

124 1890 260 36 riregementen
405 1889 80 31 med
508 1888 186 36 undantag
716 1898 46 21 av
784 1888 28 31 I.
835 1888 28 36 2,
887 1888 27 31 I.
938 1888 39 29 11
999 1888 65 30 och
1086 1888 28 30 I.
1137 1888 37 30 19
1197 1887 99 31 skola
1320 1887 227 37 organiseras
1570 1888 52 30 så-

123 1952 74 20 som
224 1940 376 36 normalregementen.
648 1938 212 37 Ändringen
888 1939 12 30 i
929 1938 18 36 $
976 1939 39 31 27
1041 1938 312 37 värnpliktslagen
1380 1939 160 36 innebär,
1569 1941 53 29 att

123 1993 136 31 antalet
288 1992 390 37 repetitionsövningar
709 1991 61 31 vid
799 1991 212 31 infanteriet
1041 1991 84 31 ökas
1157 1991 82 31 från
1269 1992 62 30 två
1359 1991 58 30 till
1437 1992 64 30 tre.

160 2053 117 32 Sedan
300 2052 195 36 riksdagen
516 2051 158 36 avslagit
697 2051 59 32 det
780 2051 12 31 i
815 2051 181 32 motionen
1019 2051 104 31 I:102
1144 2051 202 32 framförda
1369 2051 179 37 yrkandet
1572 2051 54 31 be-

125 2105 183 31 träffande
332 2104 139 32 ändrad
494 2103 246 37 organisation
763 2114 46 21 av
832 2103 98 32 vissa
954 2103 451 37 infanteritruppförband,
1430 2103 99 32 torde
1555 2104 68 30 för-

125 2158 114 35 slaget
257 2157 56 30 till
331 2156 156 36 ändring
505 2167 46 20 av
571 2155 17 35 $
606 2156 38 30 24
662 2155 311 36 värnpliktslagen
993 2155 77 32 icke
1088 2156 86 31 böra
1194 2155 186 32 föranleda
1398 2156 119 36 någon
1535 2155 88 32 riks-

124 2210 133 35 dagens
278 2209 140 36 åtgärd.
459 2208 53 31 På
533 2208 117 36 grund
672 2218 46 21 av
741 2208 66 31 den
830 2207 195 36 utredning
1047 2207 151 31 rörande
1220 2208 82 30 vårt
1323 2207 104 32 lands
1450 2208 172 31 försvars-

125 2264 118 32 väsen,
261 2271 73 21 som
353 2260 113 36 enligt
484 2259 115 32 beslut
617 2259 62 31 vid
698 2259 244 31 innevarande
961 2260 59 30 års
1038 2259 147 36 riksdag
1202 2261 40 28 är
1260 2260 133 31 avsedd
1411 2261 54 31 att
1483 2260 140 31 komma

120 2313 56 30 till
200 2312 106 31 stånd
328 2312 97 30 inom
448 2321 43 21 en
515 2314 89 28 nära
629 2311 160 35 framtid,
813 2311 65 30 har
904 2310 173 31 utskottet
1100 2310 33 37 ej
1158 2310 111 32 heller
1292 2313 118 29 ansett
1435 2311 78 31 skäl
1538 2321 87 21 vara

127 2365 54 30 för
203 2364 140 31 handen
364 2365 54 29 att
441 2362 184 37 tillstyrka
648 2362 241 31 motionärens
911 2362 161 36 yrkande
1093 2372 55 21 om
1170 2362 155 36 ändring
1347 2373 46 21 av
1414 2363 137 32 antalet
1573 2373 50 21 re-

126 2415 347 37 petitionsövningar
496 2414 61 32 vid
582 2414 220 31 infanteriet.

165 2476 181 32 Utskottet
370 2475 136 32 tillåter
530 2475 54 36 sig
611 2474 221 33 fördenskull
856 2475 198 36 hemställa,

122 2547 109 31 Bihang
254 2547 41 25 till
319 2546 167 32 riksdagens
510 2546 146 30 protokoll
683 2547 74 23 1930.
795 2548 23 23 I
830 2547 81 24 saml.
950 2547 24 25 2
986 2547 61 25 avd.
1086 2548 33 24 35
1140 2547 68 27 häft.
1245 2545 53 30 (Nr
1317 2548 124 25 42—43.)
1613 2546 9 24 1

1679 1788 135 25 Utskottet.
