2104 2650
313 231 16 27 2
450 225 119 32 Andra
595 223 218 32 Kammarens
837 219 185 42 Tillfälliga
1052 216 144 33 Utskotts
1220 216 75 37 (N:o
1322 217 29 33 1)
1382 213 175 33 Utlåtande
1577 211 63 32 N:o
1663 211 48 31 32.

272 313 183 45 föreslagit
500 312 212 40 densamma,
754 317 102 35 synes
883 306 174 35 utskottet
1084 304 78 34 icke
1189 303 120 34 kunna
1337 310 117 35 gagna
1482 299 53 34 till
1563 296 119 46 något,
1711 298 87 32 utan
1830 298 54 32 att

272 366 206 43 Riksdagen
519 361 43 47 på
603 370 131 26 samma
767 356 94 48 gång
888 358 115 45 gifver
1030 355 129 45 Kongl.
1190 353 109 46 Maj:t
1327 351 187 45 anvisning
1541 347 44 48 på
1612 348 54 36 för
1694 345 190 47 åtgärdens

273 415 263 40 verkställande
574 411 229 44 erforderliga
831 408 111 37 medel
971 428 46 4 —
1046 405 107 46 något
1180 416 71 24 som
1280 405 77 34 icke
1385 400 102 47 ingår
1515 403 11 33 i
1553 401 237 35 motionärens
1817 398 67 35 för-

276 471 77 42 slag
381 488 46 4 —
457 467 62 34 och
560 465 176 34 utskottet
763 463 77 34 icke
870 471 81 34 eger
979 458 209 45 befogenhet
1217 459 53 32 att
1297 456 10 34 i
1336 453 126 36 sådant
1490 452 196 36 hänseende
1713 450 78 35 med
1819 449 66 35 för-

275 522 77 43 slag
392 520 54 34 till
486 517 205 43 Riksdagen
732 514 242 39 framkomma,
1017 515 89 30 samt
1147 506 43 37 då
1217 509 176 34 utskottet
1420 506 78 34 icke
1527 505 135 34 känner
1690 503 64 34 och
1782 501 106 36 äfven

276 573 126 34 saknat
444 573 111 40 utväg
596 570 54 32 att
691 565 113 35 skaffa
838 565 53 43 sig
917 562 197 36 kännedom
1142 561 129 41 derom,
1300 559 91 34 huru
1418 557 83 35 vida
1529 554 107 46 något
1664 554 124 35 hinder
1816 554 71 34 kan

275 626 93 33 möta
409 622 54 34 för
503 618 223 37 utlemnande
768 616 39 35 af
843 614 96 36 John
981 613 181 35 Ericssons
1200 610 159 46 jordiska
1400 607 213 45 qvarlefvor,
1656 603 39 37 så
1736 615 54 24 ser
1832 605 54 42 sig

278 676 175 33 utskottet
481 669 223 36 förhindradt
723 672 53 30 att
795 668 12 33 i
827 664 144 45 frågans
987 664 205 35 nuvarande
1208 662 99 34 skick
1324 660 180 43 tillstyrka
1519 658 184 36 motionen.
1734 653 58 37 Då
1810 656 74 34 der-

278 725 53 35 till
359 725 166 40 kommer,
555 723 54 33 att
636 729 124 34 genom
788 720 51 32 ett
866 715 154 45 uppskof
1046 711 125 46 frågan
1200 713 77 34 icke
1297 710 168 36 behöfver
1484 719 101 25 anses
1604 717 88 26 vara
1708 706 175 42 förfallen,

278 774 38 37 så
343 773 55 37 får
426 774 174 35 utskottet
628 770 196 40 hemställa,

742 873 54 32 att
837 869 172 34 motionen
1051 867 76 34 icke
1168 865 54 35 för
1263 862 222 37 närvarande
1526 859 108 36 måtte
1676 859 51 34 till
1769 855 119 46 någon

681 924 222 33 kammarens
932 918 127 46 åtgärd
1087 917 191 35 föranleda.

415 1027 201 36 Stockholm
646 1026 65 33 den
742 1026 44 33 29
816 1023 90 44 april
937 1023 105 33 1889.

856 1122 53 37 På
936 1124 195 35 utskottets
1159 1125 150 40 vägnar:

896 1225 43 35 G.
970 1224 39 35 F.
1040 1219 237 39 ÖSTBERG.

723 2303 176 33 Stockholm,
923 2298 437 37 Associations-Boktryckeriet,
1386 2294 89 28 1889.
