1860 2778
257 166 21 29 8
673 167 298 36 Statsutskottets
989 171 185 34 utlåtande
1193 185 42 21 nr
1255 176 73 31 1065.

260 243 101 33 redas
381 256 43 21 av
445 245 62 33 det
525 257 118 30 organ,
663 248 170 40 styrelsen
854 248 52 34 för
926 249 158 43 Sveriges
1106 251 265 42 författarfond,
1393 266 72 22 som
1487 256 109 42 enligt
1616 257 128 34 bokut-

258 288 207 43 redningens
483 289 129 43 förslag
628 291 87 33 skall
732 292 145 43 fungera
893 306 76 21 som
986 294 343 46 förvaltningsorgan
1348 300 80 33 med
1447 302 172 33 avseende
1638 303 20 32 å
1675 303 68 33 den

257 332 196 43 föreslagna
474 334 418 45 författarersättningen.
914 339 95 33 Från
1031 339 237 36 författarhåll
1292 342 63 34 har
1377 343 207 44 föreslagits,
1607 350 55 29 att
1684 347 59 33 lån

258 388 46 21 av
321 378 194 42 antologier
532 379 64 33 och
616 381 110 33 andra
745 382 254 43 samlingsverk
1017 384 86 34 skall
1123 386 183 42 medtagas
1325 387 106 35 bland
1452 389 42 33 de
1514 391 228 42 ersättnings-

258 421 220 43 berättigade
501 424 185 40 boklånen,
709 425 171 34 förutsatt
902 432 56 29 att
982 429 134 34 antalet
1146 430 4 33 i
1173 431 156 34 nämnda
1352 433 85 32 verk
1459 437 284 39 representerade

257 466 185 34 författare
460 468 31 41 ej
511 469 189 42 överstiger
716 470 83 34 fem.
815 471 121 43 Enligt
953 474 72 32 vad
1043 473 59 43 jag
1119 474 178 35 inhämtat
1314 476 77 34 från
1409 477 333 44 skolöverstyrelsen

258 510 64 34 har
342 512 193 34 emellertid
556 525 41 21 en
619 515 110 33 sådan
751 516 115 42 praxis
887 517 10 33 i
919 517 430 44 katalogiseringsarbetet
1371 522 186 40 utbildats,
1580 528 55 29 att
1657 525 86 32 verk

257 556 81 33 med
360 556 103 43 högst
485 561 54 29 tre
562 558 184 35 författare
770 561 200 41 registreras
994 563 47 42 på
1063 564 197 42 respektive
1283 564 197 42 författare,
1504 568 128 33 medan
1656 569 86 33 verk

255 601 82 33 med
356 604 109 31 större
485 603 98 32 antal
603 603 185 35 författare
808 606 124 33 endast
952 607 200 42 registreras
1172 610 47 41 på
1239 610 138 33 verkets
1397 623 121 22 namn.
1538 612 73 34 Det
1631 613 110 34 skulle

257 645 190 41 självfallet
469 650 97 30 stöta
586 648 45 42 på
650 652 96 30 stora
767 650 216 42 svårigheter
1003 656 55 29 att
1078 664 46 21 nu
1145 653 215 43 tillmötesgå
1379 655 61 33 det
1460 656 79 33 från
1560 657 181 34 författar-

255 689 71 33 håll
342 690 222 35 framställda
579 693 217 34 önskemålet
813 707 57 21 om
887 707 42 21 en
946 696 202 43 utförligare
1164 698 222 43 registrering
1402 712 45 21 av
1465 702 193 41 antologier
1674 702 67 33 och

255 735 264 42 samlingsverk.
536 737 67 42 Jag
618 737 143 34 föreslår
779 739 126 40 därför,
923 744 56 29 att
998 742 204 42 utlåningen
1220 755 46 21 av
1283 744 84 32 verk
1383 745 81 33 med
1481 745 105 42 högst
1602 750 52 29 tre
1671 747 68 33 för-

255 778 130 34 fattare
403 781 182 42 medtages
604 782 10 33 i
634 782 237 43 beräkningen
890 796 45 21 av
956 786 136 33 antalet
1112 786 139 40 boklån,
1272 800 75 22 som
1367 789 194 42 berättigar
1580 791 52 32 till
1651 791 89 34 indi-

255 824 130 33 viduell
399 826 208 42 ersättning,
621 827 65 33 och
702 832 56 28 att
774 828 114 34 denna
903 829 10 33 i
928 829 288 36 förekommande
1232 832 61 33 fall
1309 833 170 42 uppdelas
1495 834 11 33 i
1522 834 218 35 förhållande

258 868 50 33 till
323 869 11 32 i
351 869 121 33 verket
487 870 202 35 företrädda
705 872 196 41 författare,
917 874 34 33 d.
968 886 34 22 v.
1018 886 26 22 s.
1060 876 63 33 två
1137 876 81 33 eller
1233 881 64 29 tre.
1315 877 55 33 De
1388 878 142 40 boklån,
1547 891 74 22 som
1639 891 101 22 avser

256 913 85 33 verk
360 915 80 33 med
460 914 65 34 fler
545 918 44 31 än
609 920 51 29 tre
681 916 197 41 författare,
899 919 63 33 bör
983 919 199 43 visserligen
1203 921 166 34 inräknas
1391 923 10 32 i
1424 923 68 33 den
1514 924 113 33 totala
1648 925 91 33 utlå-

252 958 129 42 ningen
403 971 45 21 av
467 960 434 44 ersättningsberättigade
925 964 97 39 verk,
1044 976 79 21 men
1144 966 42 33 de
1208 967 355 43 ersättningsbelopp,
1585 980 73 22 som
1681 969 57 33 be-

254 1003 96 42 löper
366 1004 47 41 på
429 1004 135 34 sådana
582 1005 94 40 verk,
694 1006 64 33 bör
776 1007 147 34 tillföras
942 1008 69 33 den
1029 1009 54 33 del
1102 1021 44 21 av
1166 1011 170 41 anslaget,
1355 1023 74 22 som
1448 1011 90 34 skall
1557 1013 181 34 användas

256 1047 51 33 till
323 1047 194 35 kollektiva
535 1050 174 34 ändamål.

299 1101 68 33 Vid
386 1101 98 34 bifall
503 1103 53 33 till
575 1104 69 33 vad
662 1103 61 43 jag
741 1104 11 33 i
771 1105 60 33 det
849 1105 209 43 föregående
1079 1107 178 44 föreslagit
1276 1109 159 35 kommer
1455 1112 43 33 de
1518 1113 123 39 medel,
1662 1125 75 21 som

252 1144 89 34 skall
358 1146 203 42 disponeras
576 1147 53 34 för
645 1148 194 35 kollektiva
856 1151 178 40 ändamål,
1051 1157 54 28 att
1121 1157 143 38 utgöras
1282 1166 45 21 av
1342 1155 73 33 dels
1431 1160 55 29 ett
1502 1156 128 44 belopp
1646 1162 91 30 mot-

253 1191 172 33 svarande
448 1195 55 29 ett
525 1195 57 30 öre
604 1204 60 31 per
685 1194 410 44 ersättningsberättigat
1118 1197 140 40 boklån,
1282 1199 72 33 dels
1378 1200 93 33 vissa
1497 1201 138 43 belopp,
1660 1214 77 21 var-

250 1235 82 33 med
349 1236 42 33 de
406 1241 93 28 mest
517 1236 267 36 frekventerade
802 1239 231 35 författarnas
1051 1241 227 35 individuella
1296 1245 211 41 gottgörelse
1525 1246 212 40 reducerats,

250 1279 75 34 dels
343 1281 109 33 sådan
471 1281 205 35 individuell
694 1285 221 41 gottgörelse,
935 1296 76 23 som
1031 1286 30 42 ej
1083 1288 136 41 uppgår
1239 1288 53 33 till
1313 1288 209 35 föreskrivet
1541 1291 195 34 minimibe-

251 1324 84 43 lopp
352 1325 73 33 dels
440 1326 67 33 ock
526 1326 42 33 de
585 1327 137 43 belopp,
740 1340 75 22 som
832 1329 141 43 belöper
990 1331 47 42 på
1052 1332 205 42 utlåningen
1276 1345 45 21 av
1338 1334 85 32 verk
1439 1335 82 33 med
1539 1334 63 34 fler
1620 1339 45 30 än
1683 1340 54 29 tre

250 1368 197 36 författare.

296 1449 82 34 Som
396 1450 60 43 Jag
473 1451 193 35 framhållit
686 1454 11 33 i
717 1454 61 33 det
796 1454 208 44 föregående
1024 1457 63 34 bör
1106 1459 60 33 det
1185 1460 132 43 anslag,
1337 1473 75 22 som
1432 1464 141 33 anvisas
1593 1465 52 33 till
1666 1465 69 34 för-

248 1493 311 46 fattarersättning
586 1497 54 34 för
668 1502 104 30 nästa
803 1500 183 43 budgetår,
1018 1515 81 21 avse
1129 1504 397 46 biblioteksutlåningen
1557 1510 109 33 under
1698 1511 38 33 år

251 1542 99 30 1934.
375 1540 80 33 Den
480 1541 359 43 biblioteksstatistik,
863 1557 75 22 som
962 1546 113 42 jämte
1099 1549 42 33 de
1166 1548 97 35 förut
1288 1552 156 33 nämnda
1471 1553 263 43 stickprovsun-

248 1583 300 44 dersökningarna
567 1587 87 33 skall
673 1588 119 42 läggas
813 1590 52 33 till
884 1592 115 40 grund
1020 1591 53 34 för
1094 1592 266 37 bestämmande
1382 1608 44 21 av
1448 1598 175 42 anslagets
1646 1603 88 30 stor-

247 1628 57 33 lek
323 1629 65 33 och
407 1629 207 44 fördelning,
634 1632 71 33 kan
726 1633 171 35 beräknas
917 1635 167 44 föreligga
1105 1637 114 44 färdig
1241 1640 111 33 under
1372 1641 361 36 våren—försomma-

247 1684 61 21 ren
334 1677 97 30 1955.
456 1675 105 34 Först
583 1676 154 34 härefter
759 1678 70 33 kan
853 1680 42 33 de
919 1680 228 36 individuella
1171 1683 444 45 författargottgörelserna
1640 1693 94 28 samt

248 1718 44 33 de
314 1719 194 41 pensioner,
532 1721 192 35 understöd
746 1723 64 33 och
832 1724 171 35 särskilda
1027 1726 132 43 bidrag,
1182 1739 76 22 som
1281 1729 87 33 skall
1392 1732 86 41 utgå
1500 1744 43 20 ur
1564 1732 170 43 anslaget,

247 1761 193 36 fastställas
460 1776 46 21 av
527 1765 60 33 det
607 1766 214 35 härutinnan
841 1768 208 36 beslutande
1069 1776 155 38 organet.
1246 1773 90 34 Man
1356 1775 50 33 lär
1427 1776 120 33 vidare
1567 1777 37 33 få
1622 1778 110 33 räkna

245 1807 83 33 med
353 1812 55 29 att
432 1810 158 33 nämnda
614 1811 185 42 pensioner
823 1813 64 33 och
915 1815 193 34 understöd
1134 1816 11 33 i
1171 1817 193 35 allmänhet
1390 1820 76 33 icke
1492 1820 159 34 kommer
1676 1827 56 28 att

247 1852 138 33 utdelas
406 1865 74 21 som
502 1855 295 44 engångsbelopp.
817 1857 18 33 I
856 1859 118 33 stället
997 1871 101 30 synes
1119 1873 83 21 man
1224 1862 85 34 böra
1330 1865 86 41 utgå
1436 1864 92 34 ifrån
1549 1870 55 28 att
1626 1866 10 33 i
1658 1870 75 30 stor

246 1897 249 43 utsträckning
519 1911 44 21 en
588 1900 176 42 periodisk
788 1902 225 44 utbetalning
1036 1905 11 33 i
1071 1905 175 43 delposter
1270 1907 158 34 kommer
1454 1913 56 29 att
1534 1910 71 33 ske.
1630 1911 102 33 Vissa

245 1941 176 43 delposter
444 1943 101 34 torde
568 1945 147 33 sålunda
736 1946 144 34 komma
902 1952 56 29 att
981 1950 217 33 utanordnas
1222 1951 89 33 efter
1335 1952 228 43 budgetårets
1586 1956 145 42 utgång.

244 1985 128 35 Vidare
391 1988 98 33 torde
509 1989 187 43 anledning
713 1990 122 34 kunna
853 1992 220 43 uppkomma
1093 1999 54 28 att
1167 1995 53 33 till
1239 2000 54 29 ett
1312 1996 155 42 följande
1488 1998 173 43 budgetår
1681 2012 50 21 re-

243 2041 138 24 servera
399 2032 93 34 vissa
510 2034 112 33 medel
640 2035 20 33 å
678 2035 67 33 den
764 2036 55 33 del
837 2049 44 20 av
899 2038 170 42 anslaget,
1087 2051 74 22 som
1180 2043 39 30 är
1236 2042 132 33 avsedd
1386 2042 54 33 för
1457 2043 194 35 kollektiva
1669 2048 60 30 än-

243 2075 129 35 damål.
388 2076 88 35 Med
492 2077 138 43 hänsyn
646 2079 119 34 härtill
781 2081 65 33 och
863 2082 45 33 då
922 2103 47 4 —
985 2084 115 33 såsom
1115 2084 59 42 jag
1190 2085 148 43 tidigare
1355 2086 159 35 förordat
1529 2109 45 4 —
1589 2089 63 33 här
1669 2102 60 21 av-

243 2120 110 34 sedda
370 2122 121 42 anslag
509 2122 64 34 bör
590 2123 45 33 ha
653 2124 170 34 karaktär
841 2138 45 21 av
905 2126 280 45 förslagsanslag,
1206 2130 144 34 föreslår
1367 2131 61 43 jag
1446 2132 69 33 den
1534 2133 195 42 budgetära

243 2165 252 43 anordningen,
513 2171 55 29 att
585 2168 157 43 anslaget
758 2169 10 33 i
786 2170 76 33 dess
879 2171 131 40 helhet,
1028 2173 105 33 sedan
1151 2174 176 43 anslagets
1346 2175 128 44 belopp
1493 2178 46 42 på
1556 2179 173 41 grundval

242 2221 47 20 av
310 2212 155 32 nämnda
488 2212 348 36 biblioteksstatistik
857 2216 65 33 och
947 2217 501 46 stickprovsundersökningar
1471 2221 188 35 fastställts
1683 2235 46 21 av

239 2253 133 43 Kungl.
386 2255 122 43 Maj:t,
526 2260 155 31 avsättes
698 2258 53 34 till
768 2271 42 21 en
827 2261 147 34 särskild
992 2262 365 42 diversemedelsfond,
1375 2265 179 35 benämnd
1569 2268 160 41 Sveriges

238 2299 267 43 författarfond.
525 2302 127 34 Denna
669 2303 86 34 fond
775 2304 63 34 bör
854 2305 172 35 förvaltas
1046 2319 44 21 av
1108 2308 257 35 statskontoret
1384 2310 10 33 i
1413 2312 154 41 enlighet
1585 2313 80 32 med
1684 2313 43 32 de

239 2347 161 31 närmare
427 2346 273 41 bestämmelser,
726 2361 76 21 som
827 2351 179 33 meddelas
1034 2364 45 21 av
1104 2353 132 42 Kungl.
1263 2354 121 42 Maj:t.
1423 2356 163 34 Fondens
1613 2357 114 33 medel

239 2388 89 34 skall
349 2389 89 34 dock
456 2411 46 4 —
522 2393 46 41 på
588 2395 71 31 sätt
677 2393 61 42 jag
758 2394 10 33 i
789 2395 59 33 det
868 2395 158 42 följande
1046 2397 156 33 kommer
1223 2403 57 29 att
1299 2399 140 35 förorda
1458 2421 47 4 —
1525 2401 202 43 disponeras

239 2445 46 21 av
305 2446 42 20 en
367 2434 53 34 för
440 2434 131 35 fonden
592 2437 139 34 särskilt
752 2440 126 33 utsedd
899 2442 158 40 styrelse.
1078 2442 54 33 De
1153 2442 139 44 belopp,
1314 2456 74 22 som
1409 2446 109 42 enligt
1539 2447 188 42 styrelsens

239 2478 127 40 beslut,
384 2479 87 34 skall
489 2482 87 41 utgå
592 2494 40 21 ur
649 2482 143 41 fonden,
810 2484 86 34 skall
914 2487 218 33 utanordnas
1150 2499 45 21 av
1213 2489 269 35 statskontoret.
