1900 2802
263 152 17 29 2
693 152 274 30 Statsutskottets
990 151 174 30 utlåtande
1184 161 41 20 nr
1257 153 70 29 162.

270 238 97 29 skola
390 237 166 30 bestridas
579 246 42 20 av
647 236 212 35 statsanslag.
884 234 231 36 Utredningen
1137 235 63 29 har
1224 234 176 30 hemställt
1423 243 57 21 om
1506 234 122 36 Kungl.
1655 233 118 39 Maj:ts

270 288 253 36 godkännande
549 296 42 21 av
617 287 145 29 berörda
790 286 239 35 avtalsförslag
1055 286 64 29 och
1147 295 41 20 av
1216 287 46 28 ett
1288 285 130 38 jämväl
1442 285 179 35 upprättat
1645 284 129 35 förslag

269 340 50 30 till
346 340 138 35 stadgar
507 339 55 30 för
584 338 168 30 institutet
777 341 89 27 samt
889 347 58 20 om
972 337 188 30 anvisande
1187 336 52 30 för
1263 334 202 38 budgetåret
1492 331 140 41 1943/44
1659 344 41 21 av
1727 336 45 29 ett

270 390 119 35 anslag
410 388 20 31 å
454 389 139 35 300,000
616 388 128 30 kronor
767 387 56 30 för
843 386 214 39 påbörjande
1078 396 41 20 av
1144 386 373 36 institutsbyggnadens
1542 385 230 36 uppförande.

316 435 91 35 Över
429 439 90 30 detta
540 439 217 29 betänkande
777 439 46 29 ha
843 437 201 30 infordrade
1065 436 201 30 utlåtanden
1287 436 143 36 avgivits
1454 445 42 20 av
1519 436 253 34 statskontoret,

270 490 354 37 byggnadsstyrelsen,
646 487 372 37 kommerskollegium,
1041 490 127 27 statens
1189 487 325 36 provningsanstalt,
1536 486 164 30 kanslern
1720 485 55 30 för

270 541 106 30 rikets
399 540 198 31 universitet
620 539 85 31 efter
724 539 154 30 hörande
901 548 41 20 av
964 538 255 30 vederbörande
1238 537 240 36 myndigheter
1497 536 58 30 vid
1575 536 198 30 universite-

271 592 83 30 ten
348 582 19 50 i
373 591 152 37 Uppsala
540 591 66 30 och
624 590 100 30 Lund
743 593 88 27 samt
846 589 58 30 vid
923 589 215 30 Stockholms
1155 588 64 30 och
1237 587 186 36 Göteborgs
1441 586 196 37 högskolor,
1656 586 116 37 styrel-

272 652 60 21 sen
354 642 56 30 för
433 641 158 31 tekniska
614 641 192 36 högskolan
830 640 10 30 i
866 640 199 30 Stockholm
1086 638 87 31 efter
1193 638 156 30 hörande
1370 647 42 21 av
1435 637 209 36 högskolans
1668 637 105 29 lärar-

271 693 197 36 kollegium,
492 692 165 36 styrelsen
682 691 55 30 för
763 690 176 31 Chalmers
964 690 158 30 tekniska
1147 689 167 36 högskola
1338 688 86 30 efter
1446 688 155 30 hörande
1627 697 42 20 av
1692 687 82 36 hög-

272 744 140 30 skolans
441 742 288 36 lärarkollegium,
757 740 368 36 arméförvaltningens
1150 739 469 35 intendenturdepartement,
1647 737 127 30 marin-

272 794 264 36 förvaltningen,
565 792 338 37 flygförvaltningen,
935 789 589 38 ingenjörsvetenskapsakademien
1553 789 66 29 och
1648 791 127 27 statens

272 844 387 31 industrikommission.
684 843 124 30 Vidare
831 843 47 29 ha
905 841 150 36 Sveriges
1081 839 312 36 industriförbund,
1422 839 153 30 Svenska
1601 839 173 35 teknolog-

272 896 213 36 föreningen,
513 894 152 36 Sveriges
692 891 546 37 standardiseringskommission,
1267 890 165 37 styrelsen
1456 890 54 30 för
1535 889 147 30 svenska
1709 890 65 29 trä-

271 947 379 37 forskningsinstitutet,
670 944 202 36 textilrådet,
893 941 578 37 konfektionsindustriföreningen
1491 944 89 27 samt
1600 939 175 31 Tekniska

274 997 198 31 samfundet
493 997 10 29 i
524 996 168 35 Göteborg
713 997 104 34 yttrat
839 994 50 36 sig
909 994 10 29 i
941 993 148 31 ärendet.

317 1049 97 31 Efter
439 1052 47 27 att
514 1049 90 29 hava
630 1048 131 29 lämnat
786 1056 42 20 en
853 1045 214 36 redogörelse
1095 1044 54 30 för
1174 1043 202 30 nuvarande
1402 1041 279 36 textilforskning
1710 1041 65 30 och

274 1099 75 29 dess
372 1097 357 31 laboratorieresurser
748 1099 89 26 samt
859 1095 55 30 för
934 1094 245 35 utredningens
1196 1093 129 36 förslag
1345 1093 11 29 i
1378 1091 98 37 fråga
1495 1101 56 20 om
1572 1091 41 32 de
1633 1091 143 30 allmän-

273 1159 45 21 na
344 1148 261 37 synpunkterna
628 1146 219 31 beträffande
870 1144 321 36 textilforskningen
1216 1144 65 30 och
1305 1144 75 29 dess
1406 1142 188 36 ordnande,
1618 1141 160 37 syftande

273 1202 50 30 till
339 1201 194 30 inrättande
551 1200 11 30 i
580 1199 215 37 anknytning
814 1198 50 31 till
882 1207 42 21 en
942 1196 136 31 teknisk
1093 1196 167 36 högskola
1277 1204 41 21 av
1338 1197 46 27 ett
1402 1194 143 30 centralt
1562 1192 213 36 forsknings-

274 1251 144 35 institut,
447 1248 241 32 företrädesvis
714 1248 54 30 för
794 1246 281 37 grundläggande
1103 1245 182 36 forskning
1310 1244 148 30 rörande
1484 1243 117 30 textila
1625 1243 151 36 produk-

273 1305 60 32 ter,
354 1302 98 30 deras
469 1299 254 36 framställning
742 1299 65 29 och
825 1296 221 37 användning
1069 1296 73 39 (sid.
1162 1294 119 40 3—12)
1307 1296 65 29 har
1387 1294 251 36 föredragande
1656 1293 121 37 depar-

275 1351 270 37 tementschefen
561 1351 11 29 i
593 1349 197 36 anslutning
809 1348 115 31 därtill
944 1347 115 31 anfört
1076 1347 107 30 bland
1202 1349 106 28 annat
1328 1345 164 39 följande.

319 1411 304 32 Textilindustrien
642 1411 65 29 och
728 1410 65 30 den
812 1408 144 31 därmed
976 1409 85 29 nära
1083 1406 199 31 förbundna
1300 1403 410 33 beklädnadsindustrien
1732 1404 45 29 ha

274 1455 10 29 i
305 1455 77 30 vårt
401 1455 82 30 land
503 1453 74 31 nått
597 1463 42 20 en
656 1452 194 36 betydande
869 1450 218 35 omfattning.
1110 1449 99 30 Detta
1229 1446 155 38 framgår
1405 1447 107 30 bland
1533 1449 107 27 annat
1661 1446 116 34 därav,

275 1500 49 27 att
344 1498 96 29 inom
459 1497 97 30 dessa
575 1494 91 31 båda
684 1493 271 36 industrigrenar
976 1491 38 31 år
1034 1492 83 30 1939
1136 1491 210 37 sysselsattes
1364 1490 81 29 över
1465 1489 118 35 95,000
1604 1496 173 28 personer,

275 1543 49 27 att
346 1539 159 36 omkring
523 1539 40 30 80
586 1540 141 34 procent
747 1546 41 20 av
806 1536 134 29 landets
959 1535 112 29 behov
1089 1543 42 20 av
1150 1533 197 30 textilvaror
1369 1530 44 32 då
1435 1531 129 31 täcktes
1584 1539 123 28 genom
1727 1530 50 29 in-

274 1583 124 29 hemsk
420 1580 211 37 produktion
652 1582 88 27 samt
762 1581 48 27 att
835 1578 113 30 denna
970 1577 89 29 hade
1083 1578 46 28 ett
1152 1575 181 30 saluvärde
1357 1573 239 36 överstigande
1618 1573 62 30 800
1703 1572 74 30 mil-

275 1625 99 36 joner
391 1625 128 29 kronor
540 1623 66 29 och
624 1625 46 27 ett
689 1621 49 30 till
755 1620 163 36 omkring
938 1620 63 29 300
1021 1617 160 37 miljoner
1199 1618 130 29 kronor
1348 1616 204 36 uppskattat
1572 1614 205 36 förädlings-

275 1668 115 29 värde.
411 1663 93 33 Även
520 1664 195 31 kvalitativt
734 1666 63 27 sett
815 1662 97 30 torde
933 1662 65 29 den
1020 1661 145 29 svenska
1183 1659 108 30 textil-
1315 1660 65 29 och
1399 1656 378 32 beklädnadsindustri-

276 1719 43 20 en
336 1710 121 29 kunna
478 1710 96 33 sägas
596 1706 51 30 stå
666 1705 46 37 på
732 1708 45 27 ett
797 1706 82 34 högt
898 1704 92 36 plan.
1009 1702 220 31 Härutinnan
1247 1701 70 30 kan
1339 1701 90 30 dock
1451 1700 135 36 Sverige
1604 1700 173 35 knappast

272 1754 85 35 göra
379 1751 151 37 anspråk
551 1750 47 37 på
619 1753 48 27 att
689 1750 127 29 räknas
840 1757 74 20 som
937 1749 46 28 ett
1003 1745 276 37 föregångsland.
1303 1744 50 30 De
1375 1737 403 46 tillverkningsmetoder,

277 1806 75 20 som
371 1796 64 29 här
452 1794 185 35 tillämpas,
658 1792 131 36 grunda
808 1791 52 35 sig
877 1788 210 37 väsentligen
1106 1787 44 37 på
1167 1787 200 31 utomlands
1389 1785 121 37 gjorda
1528 1785 251 36 uppfinningar

277 1838 66 30 och
371 1845 116 21 vunna
515 1834 243 31 erfarenheter.
786 1832 56 30 Att
869 1832 39 30 så
937 1833 37 29 är
1002 1829 232 31 förhållandet
1262 1830 69 29 kan
1360 1828 176 30 måhända
1563 1827 12 29 i
1602 1827 67 30 viss
1697 1826 82 30 mån

277 1880 99 29 finna
406 1878 51 31 sin
485 1876 193 36 förklaring
704 1876 116 34 därav,
849 1876 50 28 att
926 1874 41 30 de
994 1872 116 31 textila
1136 1871 190 31 råvarorna
1352 1869 121 31 hittills
1502 1867 277 36 huvudsakligen

275 1921 231 36 importerats.
525 1917 199 31 Emellertid
741 1916 108 31 måste
867 1916 56 30 det
940 1916 225 33 konstateras,
1183 1915 48 28 att
1248 1912 75 31 vårt
1340 1912 83 30 land
1440 1912 76 29 icke
1532 1911 107 30 heller
1657 1911 121 29 nämn-

276 1964 77 29 värt
372 1961 148 36 bidragit
541 1960 50 30 till
610 1961 68 29 den
701 1958 216 31 fortfarande
938 1956 174 37 pågående
1132 1955 206 34 utveckling,
1359 1963 76 20 som
1456 1954 59 29 lett
1535 1951 52 31 till
1607 1955 49 28 att
1677 1951 101 31 cellu-

276 2002 267 32 losaindustrien
573 2000 166 36 övertagit
768 2009 42 21 en
839 1999 76 31 icke
945 1997 171 37 obetydlig
1146 1998 54 29 del
1229 2006 43 20 av
1303 1994 307 32 textilindustriens
1639 1993 139 31 råvaru-

276 2045 222 36 försörjning.

321 2088 51 30 De
400 2086 271 36 överväganden,
699 2084 82 30 varå
806 2082 145 37 tidigare
976 2081 177 31 beslutade
1179 2080 158 36 åtgärder
1365 2077 79 32 från
1471 2080 127 28 statens
1624 2077 75 30 sida
1725 2076 55 30 för

276 2128 199 37 främjande
505 2138 41 20 av
576 2124 404 37 tekniskt-vetenskaplig
1009 2122 180 36 forskning
1220 2122 175 36 grundats,
1426 2121 95 29 torde
1551 2120 10 29 i
1590 2113 189 45 väsentliga

279 2172 143 36 stycken
447 2171 119 29 kunna
590 2169 167 35 åberopas
782 2178 75 19 som
882 2167 74 30 skäl
980 2166 53 30 för
1056 2165 163 30 liknande
1243 2163 148 30 initiativ
1415 2162 44 36 på
1480 2171 48 21 nu
1552 2159 228 32 förevarande

278 2213 152 31 område.
459 2212 77 30 Med
564 2212 137 34 hänsyn
728 2209 130 37 jämväl
887 2208 50 30 till
966 2209 65 29 den
1058 2207 185 30 utländska
1271 2206 228 33 konkurrens,
1528 2204 111 29 under
1665 2201 115 31 vilken

277 2256 66 29 den
368 2255 145 30 svenska
535 2251 288 32 textilindustrien
845 2251 77 30 haft
943 2253 49 27 att
1013 2250 127 33 arbeta,
1163 2247 163 31 framstår
1348 2247 57 30 det
1427 2246 113 30 såsom
1560 2242 219 38 synnerligen

277 2298 179 35 angeläget
480 2296 54 30 för
559 2295 114 30 denna
698 2293 147 31 industri
871 2295 48 27 att
944 2292 147 30 bemöda
1117 2290 49 35 sig
1191 2299 58 21 om
1274 2289 53 30 sin
1355 2288 158 30 tekniska
1540 2285 175 34 standard,
1743 2282 37 31 så

276 2341 49 27 att
346 2339 67 30 den
433 2340 85 28 även
538 2336 11 30 i
570 2335 188 31 framtiden
776 2352 45 3 —
840 2334 44 31 då
905 2335 66 30 den
991 2333 185 30 utländska
1195 2332 264 29 konkurrensen
1479 2328 176 31 måhända
1676 2328 104 28 sätter

277 2380 35 29 in
335 2381 80 29 med
438 2380 90 29 ökad
552 2378 118 37 styrka
691 2394 44 3 —
758 2378 69 29 kan
851 2377 56 29 väl
929 2376 114 30 hävda
1068 2375 52 29 sin
1142 2372 173 36 ställning.
1339 2370 216 32 Framhållas
1579 2369 57 31 må
1657 2367 121 33 tillika,

277 2424 49 28 att
353 2422 56 29 det
435 2431 41 20 ur
502 2418 544 36 försvarsberedskapssynpunkt
1073 2418 38 28 är
1138 2426 41 19 av
1207 2418 84 27 stort
1317 2414 106 30 värde
1449 2415 48 28 att
1523 2412 96 30 inom
1646 2409 133 30 landets

277 2464 141 35 gränser
441 2463 45 31 ha
510 2472 42 21 en
574 2463 55 29 väl
653 2462 64 29 och
740 2459 208 36 mångsidigt
969 2458 183 31 utvecklad
1175 2454 254 33 textilindustri.
