1878 2836
325 152 41 31 26
650 157 394 35 Jordbruksutskottets
1073 160 187 33 utlåtande
1287 161 52 32 Nr
1367 161 50 31 75.

281 232 103 36 tagas
400 231 57 32 till
473 233 250 36 övervägande
741 237 142 30 snarast
897 236 155 36 möjligt,
1063 246 107 26 synas
1187 239 175 32 utskottet
1377 239 221 38 tillräckliga
1616 242 78 31 skäl
1705 242 78 31 icke

286 280 175 39 föreligga
480 286 56 30 att
554 285 88 35 göra
659 284 120 37 någon
796 287 157 32 särskild
971 288 242 32 hänvändelse
1233 290 58 31 till
1307 289 135 38 Kungl.
1462 291 111 37 Maj:t
1596 293 11 30 i
1628 294 156 31 ärendet.

319 332 121 34 Under
461 335 223 37 åberopande
705 348 46 20 av
772 338 57 31 det
850 338 151 33 anförda
1024 340 204 31 hemställer
1249 342 182 34 utskottet,

720 442 53 31 att
794 442 195 38 riksdagen
1011 445 55 29 må

722 501 47 36 A)
806 501 35 37 a)
875 504 85 36 dels,
995 505 129 31 räknat
1161 506 84 31 från
1268 507 65 30 och
1356 507 80 31 med
1457 508 68 31 den
1549 509 18 29 1
1593 510 190 31 november

679 555 87 37 1932,
802 555 197 33 bestämma
1034 557 136 33 antalet
1205 559 182 32 ordinarie
1420 559 362 39 befattningshavare

680 606 60 32 vid
761 608 136 32 statens
917 609 363 36 växtskyddsanstalt
1302 613 43 34 på
1369 612 161 37 följande
1553 614 85 31 sätt:

849 687 147 30 Befattning
1651 693 129 30 Lönegrad

675 729 19 30 3
715 730 462 37 avdelningsföreståndare
1208 725 15 48 =
1260 758 385 9 ..ssssosssssssssssssa
1672 736 30 30 B
1723 736 39 30 28

676 782 18 30 1
714 782 192 33 maskinist
931 784 66 31 och
1021 784 246 32 vaktmästare
1299 810 347 8 ..................
1673 788 30 30 B
1746 789 18 30 7

675 835 18 29 1
713 834 289 34 kontorsbiträde
1031 830 15 48 =
1058 861 587 10 .ossossosssssssssrersssr
1517 830 51 48 rss
1577 830 72 48 rasa
1673 841 30 30 B
1745 842 33 35 4;

713 912 80 25 Anm.
823 913 201 33 Befattningen
1052 915 94 24 såsom
1175 917 367 31 avdelningsförestltåndare
1572 918 16 25 å
1618 920 157 24 entomolo-

672 955 81 31 giska
776 956 188 32 avdelningen
988 957 47 25 må
1060 958 60 25 icke
1143 959 124 25 besättas
1291 960 31 24 så
1346 961 82 31 länge
1451 961 16 25 å
1492 961 213 33 övergångsstat
1729 962 46 25 vid

672 1000 249 24 centralanstalten
949 1001 47 24 för
1023 1001 252 26 försöksväsendet
1303 1003 36 32 på
1365 1004 289 31 jordbruksområdet
1681 1006 94 25 finnes

672 1042 126 32 uppförd
821 1051 35 16 en
882 1044 160 31 befattning
1070 1045 93 24 såsom
1190 1046 373 32 avdelningsföreståndare,
1591 1050 64 24 med
1683 1050 91 30 place-

672 1085 62 32 ring
754 1086 7 24 i
782 1087 135 31 lönegrad
938 1088 21 24 B
982 1089 41 23 30.

709 1153 77 31 dels
802 1154 190 36 godkänna
1011 1155 59 31 det
1085 1166 46 20 av
1149 1157 392 35 departementschefen
1558 1160 11 30 i
1584 1160 189 31 statsråds-

672 1205 213 35 protokollet
933 1207 192 32 förordade
1160 1209 175 36 förslaget
1370 1210 57 31 till
1462 1212 73 30 stat
1560 1211 57 31 för
1640 1214 136 30 statens

670 1256 372 39 växtskyddsanstalt,
1068 1262 54 29 att
1147 1261 183 36 tillämpas
1357 1262 83 31 från
1465 1264 65 30 och
1555 1265 80 30 med
1660 1265 70 31 den
1758 1266 18 29 1

671 1309 190 32 november
877 1311 93 36 1932;

710 1361 75 32 dels
818 1363 113 31 under
965 1364 130 32 nionde
1129 1365 241 38 huvudtiteln,
1402 1369 243 37 avdelningen
1668 1370 106 31 Lant-

669 1413 325 34 bruksakademien
1017 1417 66 31 och
1107 1417 312 35 försöksväsendet
1440 1423 45 34 på
1508 1421 265 36 jordbruksom-

669 1466 102 32 rådet
793 1476 46 22 m.
863 1478 56 27 m.,
943 1469 57 31 för
1025 1469 212 37 budgetåret
1259 1470 172 37 1932/1933
1456 1474 155 36 uppföra

709 1519 114 32 under
845 1520 106 31 titeln
974 1522 136 31 statens
1132 1523 361 37 växtskyddsanstalt
1517 1528 50 30 ett
1591 1528 182 31 ordinarie

669 1571 284 40 förslagsanslag
972 1584 48 21 av
1041 1575 108 36 75,800
1168 1575 146 37 kronor;

708 1622 36 37 b)
768 1625 115 31 under
905 1635 139 23 samma
1066 1627 193 38 avdelning
1286 1629 56 31 för
1366 1630 212 38 budgetåret
1601 1631 170 41 1932/1933

668 1676 156 37 uppföra
850 1678 114 32 under
991 1679 106 32 titeln
1123 1680 220 32 instrument
1370 1683 65 31 och
1464 1684 223 32 inventarier
1715 1685 56 32 för

667 1730 135 31 statens
824 1731 360 37 växtskyddsanstalt
1205 1735 52 29 ett
1278 1736 103 29 extra
1401 1736 370 39 reservationsanslag

667 1791 48 21 av
732 1782 90 36 5,000
840 1782 146 38 kronor;

705 1841 45 37 B)
781 1844 52 31 att
862 1844 181 32 motionen
1070 1846 125 32 II:527
1222 1849 58 30 må
1308 1858 103 22 anses
1439 1849 174 32 besvarad
1643 1860 126 27 genom

667 1896 69 31 vad
760 1896 174 32 utskottet
956 1897 66 31 här
1045 1908 91 22 ovan
1157 1900 132 31 anfört.
