1876 2792
436 159 298 36 Statsutskottets
752 157 186 35 utlåtande
958 169 42 21 nr
1018 158 45 39 47
1083 156 39 33 år
1142 157 89 32 1955
1564 154 19 31 9

792 236 408 41 Avlöningsstat

413 307 30 30 1.
467 302 217 42 Avlöningar
700 301 53 34 till
771 299 173 35 ordinarie
961 298 231 43 tjänstemän,
1208 294 204 45 förslagsvis
1437 297 65 31 108
1517 297 65 31 600

410 360 32 30 2.
466 355 218 42 Avlöningar
705 354 53 34 till
780 351 267 36 icke-ordinarie
1069 350 163 44 personal
1261 375 144 8 .......
1438 350 64 31 114
1517 349 67 32 900

411 413 32 31 3.
466 409 140 43 Rörligt
627 408 132 43 tillägg,
780 406 203 43 förslagsvis
1012 429 394 10 .......ss-+ssessret
1460 404 43 31 32
1518 403 66 31 500

1120 466 147 35 Summa
1283 465 132 34 kronor
1438 466 66 31 236
1519 465 66 32 000

458 543 38 42 b)
523 542 54 34 till
598 541 120 43 Stifts-
739 540 67 35 och
828 537 333 38 landsbiblioteken:
1182 535 219 43 Avlöningar
1422 534 54 34 för
1497 533 90 35 bud-

414 598 137 42 getåret
591 595 156 43 1955/56
788 593 124 35 anvisa
951 597 55 29 ett
1042 590 272 44 förslagsanslag
1353 601 47 22 av
1439 591 65 31 256
1520 590 66 31 000

414 652 140 32 kronor.

144 760 91 42 13:0)
264 759 139 35 Stifts-
431 757 75 35 och
533 755 376 36 landsbiblioteken:
941 750 306 38 Omkostnader.
1276 750 20 34 I
1323 748 155 43 enlighet
1504 746 83 36 med

99 813 132 42 Kungl.
253 810 130 43 Maj:ts
405 810 130 42 förslag
560 808 130 45 (punkt
713 811 54 36 15,
790 819 26 22 s.
839 807 73 42 21),
935 806 111 33 vilket
1068 804 147 35 innebär
1236 815 44 22 en
1302 800 287 44 anslagshöjning

99 866 81 36 med
202 869 16 30 1
236 869 66 31 000
323 865 141 39 kronor,
484 862 202 35 hemställer
706 861 191 39 utskottet,

466 921 56 30 att
546 916 185 42 riksdagen
755 915 61 33 må
838 913 54 34 till
915 913 120 42 Stifts-
1059 911 67 35 och
1151 908 332 37 landsbiblioteken:
1508 907 82 34 Om-

422 970 191 35 kostnader
629 968 54 34 för
700 967 213 43 budgetåret
933 964 156 44 1955/56
1109 963 122 35 anvisa
1249 967 54 30 ett
1321 960 270 44 förslagsanslag

419 1037 45 21 av
485 1027 19 31 9
519 1026 65 31 800
604 1023 138 33 kronor.

147 1123 91 43 14:0)
266 1122 139 35 Stifts-
442 1121 74 34 och
551 1118 376 36 landsbiblioteken:
963 1115 210 42 Bokinköp
1210 1114 75 34 och
1319 1107 273 52 bokbindning

102 1188 52 23 m.
170 1187 51 24 m.
238 1177 19 33 I
273 1175 155 43 enlighet
444 1174 81 34 med
541 1173 132 43 Kungl.
689 1171 130 43 Maj:ts
836 1171 130 42 förslag
985 1169 132 44 (punkt
1134 1171 54 37 16,
1205 1180 26 22 s.
1248 1170 41 31 21
1309 1166 66 34 och
1392 1165 72 42 22),
1481 1164 112 34 vilket

103 1230 147 34 innebär
268 1241 43 21 en
332 1226 286 44 anslagshöjning
636 1226 80 33 med
736 1229 19 30 3
771 1228 66 30 000
855 1224 140 39 kronor,
1013 1221 203 35 hemställer
1233 1220 191 38 utskottet,

471 1285 56 29 att
548 1279 186 42 riksdagen
756 1278 61 34 må
838 1277 55 34 till
914 1277 119 42 Stifts-
1057 1275 66 34 och
1147 1271 331 38 landsbiblioteken:
1500 1269 93 35 Bok-

425 1334 108 43 inköp
555 1333 66 34 och
644 1331 241 42 bokbindning
907 1343 47 21 m.
975 1342 48 21 m.
1045 1328 55 34 för
1120 1327 212 43 budgetåret
1355 1324 155 44 1953/56
1534 1335 60 22 an-

426 1387 76 34 visa
521 1390 54 30 ett
593 1383 357 42 reservationsanslag
969 1394 46 22 av
1035 1386 42 30 56
1092 1385 67 30 200
1178 1381 140 34 kronor.

153 1489 91 42 13:0)
272 1484 364 37 Nationalmuseet:
669 1482 260 42 Avlöningar.
958 1480 20 33 I
1008 1479 154 42 enlighet
1191 1477 82 34 med
1303 1476 133 42 Kungl.
1466 1474 129 42 Maj:ts

105 1543 131 41 förslag
264 1540 132 44 (punkt
424 1542 53 37 17,
504 1550 26 22 s.
558 1541 43 30 22
629 1536 65 35 och
722 1536 73 42 23),
821 1535 111 33 vilket
959 1533 147 34 innebär
1133 1544 43 21 en
1204 1528 287 45 anslagshöjning
1517 1527 81 35 med

106 1600 43 30 25
164 1599 64 30 300
250 1595 140 38 kronor,
411 1591 202 35 hemställer
633 1589 190 40 utskottet,

474 1648 56 30 att
550 1642 185 42 riksdagen
755 1642 60 33 må

472 1698 34 42 a)
534 1696 189 43 godkänna
746 1693 158 43 följande
929 1691 259 43 avlöningsstat
1212 1690 54 34 för
1289 1688 308 38 nationalmuseet,

429 1756 55 28 att
501 1750 178 41 tillämpas
696 1748 71 34 tills
784 1747 121 34 vidare
922 1746 79 33 från
1018 1745 66 34 och
1100 1744 81 34 med
1198 1743 212 42 budgetåret
1429 1740 167 42 1955/56:

811 1824 407 42 Avlöningsstat

432 1895 30 31 1.
486 1890 217 42 Avlöningar
718 1889 53 34 till
788 1887 173 35 ordinarie
978 1886 231 42 tjänstemän,
1225 1883 204 44 förslagsvis
1453 1885 65 31 314
1534 1885 65 30 300

431 1948 32 30 2.
487 1943 166 34 Arvoden
679 1942 66 34 och
773 1940 171 35 särskilda
970 1938 248 42 ersättningar,
1244 1936 188 35 bestäraida

487 2009 46 21 av
553 1996 133 42 Kutigl;
707 1994 113 42 Måj:U
854 2020 69 7 ass
939 2016 484 11 sbeieieuweoe
1145 1989 31 53 oso
1181 1989 21 53 sm
1208 1989 57 53 mere
1284 1989 100 53 seinem
1397 1989 31 53 Rå
1500 1990 101 31 7160

433 2055 30 29 3.
488 2049 217 42 Avlöningar
724 2048 54 33 till
799 2046 99 42 övrig
918 2044 266 35 icke-ordinarie
1205 2043 161 42 personal
1395 2068 29 7 ..
1456 2043 146 31 300400

431 2107 32 30 4,
487 2103 139 41 Rörligt
648 2102 132 41 tillägg,
801 2098 203 44 förslagsvis
1031 2122 393 9 ...........ss>e+->
1479 2097 42 30 86
1537 2096 64 30 940

1137 2159 146 34 Summa
1302 2158 130 33 kronor
1456 2160 66 30 708
1537 2159 65 30 800

478 2221 37 41 b)
564 2219 54 34 till
663 2218 322 34 Nationalmuseet:
1030 2214 219 41 Avlöningar
1294 2213 55 33 för
1393 2212 211 42 budgetåret

436 2273 156 41 1955/56
612 2271 122 33 anvisa
752 2275 54 28 ett
824 2268 270 42 förslagsanslag
1112 2279 45 21 av
1176 2270 65 30 708
1256 2269 66 30 800
1340 2266 140 32 kronor.

162 2382 91 41 16:0)
281 2378 363 36 Nationalmuseet:
671 2374 305 36 Omkostnader.
999 2373 19 33 I
1041 2372 154 42 enlighet
1216 2372 81 33 med
1320 2369 133 42 Kungl.
1477 2367 128 42 Maj:ts

116 2434 129 41 förslag
264 2433 130 42 (punkt
411 2435 53 35 18,
480 2443 26 21 s.
522 2432 42 31 24
581 2429 65 34 och
660 2428 72 41 25),
748 2427 111 34 vilket
874 2426 146 34 innebär
1035 2423 192 36 anvisande
1243 2435 46 22 av
1304 2434 135 22 samma
1455 2420 151 40 anslags-

119 2489 127 41 belopp
270 2499 75 20 som
366 2485 53 33 för
440 2482 237 35 innevarande
700 2481 185 41 budgetår,
906 2479 202 34 hemställer
1130 2477 189 38 utskottet,
