1934 2828
295 172 21 31 6
458 172 120 32 Första
603 173 204 33 kammarens
829 174 124 33 andra
978 174 167 42 tillfälliga
1170 176 133 31 utskotts
1327 176 166 32 utlåtande
1517 176 53 33 Nr
1593 178 32 30 4.

339 269 118 30 Ehuru
479 279 41 20 av
542 271 61 29 vad
626 280 84 21 ovan
733 271 128 30 anförts
884 272 49 29 till
956 272 82 30 fullo
1062 273 155 37 framgår,
1241 275 45 28 att
1308 274 161 37 kungliga
1491 273 237 38 förordningen
1750 284 41 20 av

298 322 62 29 den
380 323 38 29 15
436 323 135 36 januari
590 324 78 29 1926
687 324 124 30 medför
829 324 180 38 betydande
1029 326 208 36 olägenheter
1256 326 53 30 för
1328 327 241 30 småbrukarna
1589 329 87 28 inom
1695 326 95 31 Älvs-

298 373 99 38 borgs
418 375 64 34 län,
503 375 109 31 finner
632 377 154 30 utskottet
805 378 30 37 ej
855 378 122 37 skäligt
996 378 128 30 biträda
1145 379 220 32 motionärens
1386 379 127 38 förslag
1534 389 50 21 om
1604 380 185 30 förordnin-

296 437 84 28 gens
396 429 231 37 upphävande.
654 429 74 31 Men
745 430 40 31 då
802 440 75 21 man
895 432 216 37 ingenstädes
1126 433 12 29 i
1156 433 76 29 vårt
1248 432 77 31 land
1343 433 54 29 för
1415 435 113 36 övrigt
1546 436 109 28 ansett
1672 434 116 38 nödigt

298 482 130 38 vidtaga
445 483 38 30 de
499 484 182 37 vittgående
697 484 285 39 inskränkningar
998 487 11 28 i
1025 485 204 36 betesrätten,
1246 495 70 21 som
1332 487 147 37 stadgats
1497 487 52 31 för
1565 488 142 30 nämnda
1724 488 65 35 län,

296 536 61 30 och
392 537 40 30 då
466 537 39 30 de
537 538 191 30 uttalanden
753 539 140 30 rörande
916 539 226 38 betesdjurens
1167 541 232 36 skadegörelse
1423 541 41 37 på
1489 542 60 29 den
1573 543 216 36 uppväxande

296 590 204 36 ungskogen,
521 591 69 28 med
610 591 89 29 vilka
718 592 192 36 stadgandet
929 593 221 34 motiverades,
1170 594 145 36 tydligen
1334 594 161 30 hänförde
1513 595 52 36 sig
1582 595 49 29 till
1650 596 139 36 tidigare

296 642 152 38 gällande
466 642 251 36 bestämmelser,
735 652 70 21 som
823 644 154 38 medgåvo
995 645 92 29 såväl
1106 645 132 30 hästars
1256 655 70 20 som
1342 647 212 29 nötkreaturs
1571 648 216 37 utsläppande

295 696 42 36 på
357 705 184 28 gemensam
563 696 182 31 betesmark
767 698 38 29 så
825 698 93 37 tidigt
939 698 41 38 på
1001 698 78 37 året,
1101 701 45 27 att
1168 699 267 38 betestillgången
1456 710 58 20 var
1535 701 126 37 mycket
1681 702 105 37 ringa,

296 748 90 30 torde
410 758 40 21 en
475 750 126 37 måttlig
624 751 230 37 utsträckning
880 760 41 21 av
945 752 61 30 den
1031 761 47 20 nu
1102 752 171 38 medgivna
1297 753 87 30 tiden
1410 753 53 30 för
1488 753 177 39 betesgång
1687 764 100 21 anses

295 802 53 28 väl
371 803 186 29 motiverad.

335 854 163 30 Utskottet
518 854 187 30 hemställer
725 855 124 35 därför,

575 954 46 29 att
642 952 105 31 första
768 953 189 31 kammaren
978 953 52 31 för
1051 955 53 29 sin
1125 955 48 30 del
1196 955 95 31 måtte
1314 955 125 32 besluta
1461 958 45 29 att
1526 958 10 29 i
1557 958 161 31 skrivelse
1738 958 48 30 till

535 1005 121 38 Kungl.
682 1006 96 38 Maj:t
800 1007 135 30 anhålla
958 1017 51 20 om
1032 1008 104 31 sådan
1159 1009 141 38 ändring
1323 1011 8 28 i
1356 1010 222 37 kungörelsen
1602 1020 41 21 av
1664 1011 61 31 den
1748 1012 38 30 15

533 1059 135 37 januari
694 1060 78 29 1926
797 1060 168 37 angående
990 1062 244 37 inskränkning
1258 1064 11 28 i
1293 1062 154 31 betesrätt
1482 1064 9 30 å
1516 1064 151 38 ohägnad
1693 1066 92 29 mark

533 1112 88 29 inom
644 1110 183 40 Älvsborgs
849 1113 65 34 län,
936 1122 70 21 som
1028 1114 87 30 skall
1137 1124 97 20 anses
1257 1125 80 20 vara
1359 1116 49 29 till
1430 1120 197 34 gemensamt
1648 1118 137 30 mulbete

534 1165 163 37 upplåten,
725 1168 45 27 att
797 1166 217 38 betesgången
1040 1167 54 30 för
1118 1168 194 31 nötkreatur
1338 1169 52 30 må
1415 1169 128 38 årligen
1568 1171 131 30 inträda
1724 1172 60 30 den

534 1219 17 29 1
574 1218 82 38 juni.
